2684 3942
176 258 225 314 106
263 312 270 329 ,
508 258 585 312 rna
607 258 846 314 Anconam.

175 431 333 492 mulierem
363 428 526 505 desereret,
558 451 637 509 quae
667 442 697 491 ei
725 441 844 492 tantum
874 429 1049 510 prbfuisset.
1105 433 1170 508 Ille,

176 533 259 609 quod
285 533 430 592 memoria
459 534 585 593 tenebat
610 540 643 592 se
672 552 728 609 per
753 533 819 592 eius
846 534 991 593 auxilium
1017 542 1034 593 e
1060 543 1171 613 magni>

174 633 311 709 periculi>
323 633 465 716 evasisse,
479 633 609 692 libenter
621 652 689 692 eam
699 633 821 709 excepit
831 643 862 693 et
872 643 1036 710 postquam
1046 655 1170 695 eausam

174 732 319 791 veniendi
331 732 456 805 audivit,
469 732 608 792 hortatus
619 742 665 791 est
681 740 720 791 ne
734 733 831 809 patris
847 742 921 791 iram
936 735 1066 794 timeret.
1101 738 1170 795 Pria

175 832 257 891 misit
272 843 373 892 autem
389 839 422 892 se
435 851 527 909 quarn
543 841 673 909 primurn
689 851 757 891 eam
772 833 804 891 in
820 841 899 892 nive
915 843 971 894 sua
983 842 1167 896 avectirrum.

403 1054 466 1111 129.
506 1040 568 1097 The
581 1040 697 1097 Seizure
715 1041 746 1096 ot
764 1043 815 1098 the
834 1042 939 1099 Pleece.

217 1184 368 1246 Postridie
397 1185 464 1243 eius
493 1184 555 1243 diei
586 1186 679 1244 Iason
706 1203 774 1243 curn
801 1186 893 1245 sociis
920 1195 983 1246 suis
1009 1197 1076 1247 orta
1102 1189 1169 1248 lirce

174 1293 283 1344 nivem
307 1284 433 1344 dederit
459 1294 489 1344 et
515 1280 731 1361 tempestatem
757 1286 900 1346 idoneam
927 1298 1009 1347 nacti
1033 1289 1073 1347 ad
1099 1308 1168 1347 eum

174 1386 273 1445 locum
289 1392 380 1444 remis
396 1384 629 1457 contenderunt,
643 1392 705 1461 qur‘)
720 1385 752 1443 in
767 1386 835 1445 locri
852 1388 965 1445 Medea
980 1389 1076 1447 vellus
1092 1390 1168 1449 cela-

173 1496 238 1545 tum
267 1503 335 1544 esse
365 1485 594 1544 demrinstravit.
641 1487 686 1544 Εό
715 1504 784 1544 cum
814 1487 980 1560 venissent,
1012 1492 1106 1548 Irisrin
1136 1490 1168 1548 in

173 1595 284 1645 terram
300 1591 442 1661 egressus
458 1594 545 1643 estet
561 1583 653 1644 sociis
669 1585 710 1643 ad
725 1604 807 1645 mare
822 1587 935 1646 relictis
946 1597 998 1663 qui
1012 1590 1169 1665 praesidis)

173 1693 244 1744 navi
260 1694 372 1756 essent,
386 1684 452 1760 ipse
468 1703 537 1744 curn
554 1685 667 1744 Medea
678 1685 708 1743 in
724 1685 818 1744 silvas
832 1686 913 1744 viam
928 1688 1019 1764 cepit.
1065 1692 1170 1748 Pauca

173 1785 267 1844 millia
282 1804 428 1860 passuum
443 1804 498 1861 per
513 1784 620 1843 silvam
637 1792 819 1862 progressus
834 1787 931 1846 vellus
946 1789 1029 1864 quod
1044 1797 1169 1865 quaere-

172 1886 227 1946 bat
248 1904 286 1943 ex
310 1885 419 1943 arbore
443 1892 626 1962 suspensum
649 1885 735 1945 vidit.
786 1886 823 1944 Id
847 1896 951 1946 tamen
976 1889 1095 1948 auferre
1118 1898 1169 1948 res

173 1996 238 2046 erat
263 2003 399 2044 summae
426 1984 633 2044 difficultatis:
664 1993 727 2044 nrin
752 1986 843 2045 modo
873 1987 954 2046 enim
985 1989 1071 2048 locus
1101 1990 1168 2065 ipse

172 2085 293 2163 egregie
317 2094 348 2145 et
369 2093 479 2144 natira
502 2093 533 2144 et
555 2094 618 2144 arte
640 2094 776 2145 mirnitus
791 2096 863 2158 erat,
881 2089 937 2146 sed
959 2087 1051 2155 etiarn
1073 2089 1168 2150 draci)

173 2186 298 2263 quidam
314 2183 416 2262 speeie
433 2184 560 2244 terribili
577 2186 716 2244 arborem
731 2186 935 2246 custridiebat.
980 2191 1022 2247 At
1044 2190 1166 2263 Medea,

173 2305 261 2363 quae,
292 2295 327 2344 ut
364 2294 456 2363 supra
495 2285 783 2359 demrinstravimuS‚
813 2285 984 2347 medicinae
1017 2288 1166 2348 summani

172 2384 331 2446 scientiam
353 2385 470 2458 habuit,
483 2393 599 2444 ramum
622 2404 714 2460 quem
736 2404 773 2444 ex
795 2386 903 2446 arbore
932 2388 1069 2462 proximi
1091 2389 1168 2447 deri-

171 2496 280 2563 puerat
305 2493 425 2545 veneni)
449 2485 564 2544 iniecit.
611 2487 683 2545 Hire
705 2486 790 2544 facts>
814 2486 854 2544 ad
878 2487 979 2545 locum
1005 2499 1167 2565 appropin-

172 2587 277 2662 quavit
312 2596 343 2645 et
378 2586 553 2661 dracrinem,
580 2594 633 2661 qui
672 2586 816 2645 faucibus
852 2596 965 2662 apertis
1001 2589 1166 2648 adventurn

172 2686 377 2762 exspectabat,
389 2692 509 2744 veneni)
529 2685 656 2761 sparsit:
688 2686 826 2762 proinde,
847 2686 919 2744 dum
945 2687 1039 2748 draco
1058 2697 1167 2748 somni>

171 2805 338 2862 oppressus
353 2786 474 2858 dormit,
493 2788 587 2844 Iaisrin
602 2785 699 2845 vellus
713 2805 843 2845 aureum
859 2806 896 2846 ex
911 2787 1019 2847 arbore
1035 2789 1166 2865 deripuit

172 2895 287 2945 etcum
304 2886 417 2945 Medea
433 2904 525 2962 quarn
540 2885 697 2944 celerrime
712 2886 823 2961 pedem
839 2886 963 2946 rettulit.

466 3107 529 3166 13⁰·
569 3094 648 3151 Beck
665 3100 697 3150 to
715 3095 766 3150 the
784 3094 872 3164 Argo.

214 3238 297 3294 Dum
322 3246 424 3296 tamen
454 3255 491 3296 ea
518 3246 672 3313 geruntur,
702 3239 909 3313 Argonautae,
936 3246 988 3313 qui
1014 3238 1055 3297 ad
1082 3258 1167 3299 mare

172 3336 270 3395 relicti
286 3346 381 3408 erant,
399 3336 501 3395 anirnr'r
520 3337 612 3396 anxii>
627 3337 758 3396 reditum
780 3336 902 3396 Iasonis
923 3339 1165 3414 exspectabant:

171 3436 251 3494 bene
267 3435 348 3493 enim
364 3434 583 3511 intellegebant
599 3435 630 3494 id
645 3436 803 3512 negritium
819 3447 929 3496 summi
945 3456 1014 3497 esse
1029 3439 1165 3515 periculi.

174 3537 343 3609 Postquam
358 3533 450 3611 igitur
465 3536 504 3593 ad
524 3543 668 3594 occasum
684 3535 758 3595 stilis
773 3536 886 3596 fristra
901 3547 1165 3615 exspectaverant
