2684 3942
575 310 816 359 ANECDOTES.

453 522 517 581 108.
557 483 619 582 rie
637 526 847 583 Good-nstured
866 526 939 600 Boy.

239 651 385 724 GlaucuS,
402 671 478 728 puer
492 652 617 730 ingenio
638 653 819 730 benignos
841 663 927 729 patre
949 663 1062 713 missus
1085 664 1132 713 est
1154 655 1192 713 ad

196 769 324 825 parvum
346 752 503 828 oppidum,
527 753 612 828 quod
637 753 676 811 ab
699 761 737 812 eo
758 753 827 812 loco
849 760 921 812 octo
943 753 1026 812 milia
1047 773 1194 830 passuum

197 850 312 909 aberat.
358 853 424 923 Cui,
444 852 517 911 dum
540 851 598 911 iter
623 853 707 926 facit,
728 853 859 912 occurrit
881 853 967 912 canis
989 855 1071 912 fame
1094 873 1193 930 paene

197 952 357 1009 confectus
380 951 580 1028 dextramque
606 952 745 1011 lambens
772 953 875 1012 cibum
900 963 1005 1030 petere
1029 962 1113 1012 visus
1136 964 1191 1014 est.

197 1050 275 1108 Inde
302 1051 439 1110 Glaucus
465 1051 675 1111 misericordia
701 1060 811 1124 motus,
843 1061 903 1112 etsi
932 1052 998 1129 ipse
1028 1053 1191 1127 esuriebat,

196 1158 339 1227 magnam
355 1160 403 1209 sui
418 1151 479 1210 cibi
501 1162 618 1228 partem
641 1161 711 1211 cani
733 1152 828 1212 dedit.
874 1154 953 1213 Cum
976 1162 1078 1212 autem
1100 1155 1193 1230 paulo

195 1249 317 1327 longius
340 1251 455 1323 ivisset,
478 1252 636 1311 hominem
659 1253 779 1329 aspexit
801 1271 935 1326 caecum,
953 1262 1006 1329 qui
1027 1253 1058 1311 in
1079 1253 1192 1312 flumen

86 1386 88 1391 ·
163 1350 167 1358 '
195 1351 357 1427 prolapsus
378 1359 411 1410 se
434 1359 555 1412 movere
580 1360 642 1411 non
658 1353 800 1425 audebat,
818 1360 857 1411 ne
879 1353 910 1411 in
927 1372 1038 1430 aquam
1053 1353 1192 1413 altiorem

196 1450 354 1510 incideret.
400 1452 537 1510 Glaucus
557 1451 657 1529 igitur,
680 1461 738 1510 etsi
762 1452 828 1529 ipse
850 1461 956 1511 natare
977 1461 1040 1512 non
1061 1463 1190 1530 poterat,

195 1550 227 1608 in
243 1570 355 1627 aquam
370 1553 474 1610 statim
490 1552 615 1611 desiluit
626 1560 657 1610 et
669 1571 739 1611 eum
751 1552 888 1612 dextram
900 1561 985 1612 caeci
997 1552 1190 1630 adripuisset,

196 1670 265 1709 eum
288 1651 328 1710 ad
349 1660 446 1727 ripam
470 1652 565 1710 duxit.
611 1652 690 1711 Inde
712 1671 781 1711 cum
802 1671 914 1729 aquam
935 1660 1053 1713 eveste
1071 1671 1193 1730 expres

196 1750 296 1822 sisset,
313 1752 353 1809 ad
368 1750 515 1827 oppidum
531 1772 623 1829 quam
639 1752 796 1812 celerrime
811 1752 978 1812 contendit.

262 1885 362 1949 motus,
378 1898 432 1950 105,
444 1884 478 1933 ad
490 1885 533 1933 fin.
738 1885 826 1950 duxit,
839 1887 929 1934 traxit.

261 1967 407 2033 esuriebat,
420 1981 460 2031 49,
473 1968 506 2016 ad
518 1968 561 2017 fin.
736 1969 924 2034 expressisset,
936 1968 1004 2018 from
1018 1971 1140 2033 exprimi.

484 2196 548 2253 109.
588 2183 707 2256 Timely
725 2183 906 2240 Assistance.

238 2309 316 2368 Inde
341 2309 485 2383 Glaucus,
504 2328 573 2369 cum
597 2309 657 2370 iam
683 2312 723 2370 ad
746 2310 895 2388 oppidum
919 2320 1189 2389 appropinquaret,

194 2410 226 2468 in
249 2418 373 2468 nautam
396 2410 550 2486 quendam
574 2411 670 2470 altero
693 2411 773 2488 pede
795 2411 939 2470 claudum
964 2410 1082 2470 incidit.
1128 2414 1191 2470 Hic

195 2509 312 2587 aliquid
337 2509 399 2570 cibi
424 2511 463 2570 ab
488 2518 526 2570 εό
552 2511 648 2587 petiit.
695 2512 753 2570 Cui
779 2529 855 2587 puer
878 2510 909 2569 id
933 2510 1016 2588 quod
1042 2511 1191 2587 reliquum

194 2619 260 2668 erat
285 2610 376 2686 panis
402 2610 495 2670 dedit.
542 2612 602 2669 His
627 2610 780 2669 faciendis
805 2620 924 2669 tantum
947 2610 1009 2669 dier
1030 2618 1191 2687 consump

195 2720 285 2782 serat,
303 2719 345 2783 ut,
365 2711 438 2770 dum
460 2712 585 2770 domum
608 2729 646 2770 ex
668 2710 785 2787 oppido
807 2710 894 2782 redit,
911 2719 1002 2769 nocte
1024 2729 1191 2787 oppressus

195 2830 316 2869 cursum
331 2818 435 2870 tenere
451 2818 513 2869 non
529 2820 643 2887 posset,
661 2812 717 2869 sed
739 2829 794 2888 per
815 2810 915 2869 aviam
937 2810 1045 2869 silvam
1068 2820 1190 2871 erraret.

196 2909 306 2970 Subito
333 2921 432 2970 autem
460 2911 522 2969 duo
551 2910 696 2983 latrones,
727 2920 780 2987 qui
809 2910 851 2969 in·
870 2910 948 2970 silva
976 2910 1123 2983 latebant,
1153 2930 1191 2970 ex

194 3010 315 3070 insidiis
350 3010 513 3088 prosiliunt
549 3030 739 3088 puerumque
780 3020 900 3087 raptum
937 3019 1023 3070 veste
1059 3009 1190 3087 spoliare

194 3120 312 3186 parant.
357 3114 400 3169 At
435 3110 521 3170 canis
557 3111 666 3182 fidelis,
705 3119 757 3187 qui
793 3111 945 3170 Glaucum
977 3118 1076 3170 totum
1109 3110 1191 3169 diem

196 3219 321 3268 secutus
336 3220 393 3282 est,
410 3211 535 3269 alterius
560 3202 689 3270 latronis
710 3220 779 3270 crus
800 3220 862 3269 tam
885 3210 996 3269 acriter
1017 3209 1189 3283 momordit,

195 3318 228 3367 ut
243 3310 293 3367 hic
306 3328 375 3366 curn
390 3309 504 3386 gemitu
519 3329 648 3387 puerum
664 3310 816 3369 liberaret.
855 3308 951 3368 Simul
963 3317 1022 3368 vox
1037 3310 1191 3369 horrenda

194 3408 300 3467 audita
315 3417 362 3466 est
377 3408 547 3482 clamantis,
566 3401 637 3470 “En
653 3409 788 3468 latrones
803 3409 855 3481 illi,
869 3416 948 3485 quos
963 3418 1026 3467 tam
1041 3409 1095 3467 diu
1107 3408 1190 3468 ferro

194 3515 318 3584 ignique
341 3507 526 3584 sequimur.''
571 3509 642 3582 Qua
664 3516 741 3568 voce
763 3508 859 3569 territi
881 3509 973 3569 ambo
994 3507 1189 3586 diffugerunt.
