2684 3942
571 288 811 336 ANEcoorEs.
1155 287 1189 352 89

191 452 295 531 gister,
327 463 379 530 qui
415 457 518 513 omnia
548 456 715 528 audiverat,
746 464 780 513 ut
816 455 937 514 asinum
972 463 1029 532 pro
1057 455 1188 516 consilio

191 562 321 629 peruret,
339 573 408 613 eum
424 562 527 615 aratro
541 562 597 632 pro
613 555 692 615 bove
708 555 794 632 iungi
808 554 906 615 iussit

258 688 428 753 querebitur,
441 687 475 736 cf.
487 703 510 748 4,
523 688 546 738 6.
747 689 815 754 idio,
828 689 868 752 89,
881 703 905 753 3.

257 771 371 836 pateris,
383 770 452 819 from
459 772 554 833 patior.
749 772 905 837 attulerint,
918 772 986 821 from
999 773 1094 838 adsero.

258 853 382 919 mintrio,
395 853 436 913 88,
449 853 482 902 ad
493 854 538 903 fin.
750 857 798 920 pro
812 855 934 920 oonsilio,
948 857 976 904 ab
986 857 1130 905 consilim.

354 1067 418 1125 103.
458 1053 519 1109 The
538 1053 690 1127 Donkey’s
709 1055 1026 1111 Advice—continuea}

232 1180 371 1256 Vesperi,
393 1180 446 1240 ubi
473 1181 577 1240 asinus
606 1181 710 1241 labore
741 1189 862 1241 insueto
891 1181 1033 1241 defessus
1059 1182 1099 1241 ad
1127 1190 1186 1240 sta-

190 1279 296 1337 bulum
325 1280 423 1352 rediit,
450 1290 469 1340 a
496 1280 607 1340 comite
633 1291 761 1342 summis
786 1281 929 1340 laudibus
955 1290 1102 1358 acceptus
1128 1291 1184 1340 est.

192 1376 248 1438 Ille
261 1389 371 1464 autem,
389 1399 480 1457 quem
502 1381 612 1457 prioris
634 1382 744 1440 consili
767 1381 827 1440 iam
848 1381 1037 1458 poenitebat,
1053 1389 1185 1440 amicum

190 1478 233 1537 ita
254 1480 380 1539 monuit.
428 1482 550 1554 “Cave,
567 1490 608 1538 mi
631 1490 736 1554 amice,
753 1488 792 1539 ne
815 1482 899 1541 istud
920 1481 1016 1541 otium
1038 1480 1095 1540 tibi
1116 1480 1185 1557 plsrs

133 1590 137 1595 ’
190 1598 282 1655 quam
298 1580 384 1639 labor
398 1580 546 1656 pristinus
561 1592 682 1641 noceat.
728 1582 835 1659 Nr'rper
856 1581 946 1654 enim,
963 1580 1036 1640 dum
1051 1601 1089 1641 ex
1103 1589 1185 1659 agris

190 1681 292 1753 redeo,
319 1690 458 1739 nostrum
484 1681 588 1740 audivi
613 1681 800 1758 magistrum,
829 1691 882 1758 qui
906 1689 937 1741 te
963 1690 1031 1741 cras
1059 1688 1185 1740 mactari

189 1779 287 1852 iussit,
311 1780 371 1839 nisi
394 1799 486 1857 opere
510 1780 600 1841 solito
623 1782 711 1860 fungi
732 1781 836 1841 velles.
882 1783 930 1841 Ne
951 1788 982 1840 te
1004 1780 1071 1840 sine
1091 1789 1185 1840 causa

188 1887 276 1939 tanto
290 1879 427 1956 periculo
442 1881 619 1940 obtuleris.”
664 1882 787 1955 Quibus
802 1882 903 1941 verbis
923 1880 1101 1958 perterritus
1115 1881 1182 1953 bos,

189 1979 254 2054 qui'
274 1980 404 2040 cultrum
434 1980 604 2041 sacerdotis
634 1981 694 2040 iam
724 1982 826 2041 animo
859 1981 1039 2057 praesensit,
1069 1980 1184 2059 gratias

189 2079 277 2139 asino
291 2088 347 2157 pro
362 2080 492 2141 consilio
508 2081 669 2141 mitissimo
686 2082 756 2159 egit.
801 2084 929 2142 Postero
951 2082 1042 2158 igitur
1060 2081 1110 2140 die
1130 2080 1183 2141 ubi

189 2180 323 2257 agricola
348 2188 438 2258 agros
464 2181 574 2240 iterum
599 2191 684 2241 arare
707 2182 811 2252 voluit,
835 2182 893 2241 bos
916 2182 988 2259 iugo
1014 2189 1184 2258 repflgnare

189 2287 250 2338 non
268 2298 369 2353 ausus,
386 2280 453 2357 ipse
469 2300 557 2339 suum
573 2282 685 2340 collum
702 2290 802 2341 aratro
816 2281 966 2358 praebuit.

254 2415 371 2479 vesperi,
384 2427 424 2476 92,
438 2426 460 2479 5.
744 2415 884 2481 obtuleris,
896 2414 965 2463 from
977 2416 1058 2478 ‹ffera
1097 2468 1100 2473 7

255 2496 492 2561 pristinuaprivr-
745 2497 996 2563 gratias...egit,
1010 2510 1049 2555 22,
1061 2496 1085 2545 8.

255 2577 344 2644 fungi,
353 2580 481 2644 perficere.
745 2581 878 2645 praebuit,
888 2583 1014 2643 porrexit,
1027 2580 1066 2637 60,
1080 2594 1101 2642 7.

403 2776 466 2831 104,
507 2763 568 2819 The
587 2763 704 2819 Bottom
723 2764 753 2820 of
775 2766 826 2819 the
845 2763 969 2819 stream.

231 2889 364 2946 Boeotus
380 2888 514 2965 quidam,
530 2898 583 2965 qui
601 2908 656 2966 per
676 2899 787 2948 terram
808 2896 944 2967 ignotam
962 2889 1020 2947 iter
1039 2887 1181 2961 faciebat,

188 2987 227 3046 ad
249 2987 363 3047 flsrmen
385 2997 572 3062 montanum,
590 2974 774 3065 quod'viam
793 2988 1025 3061 interclndebat,
1047 2987 1180 3047 advenit.

188 3088 298 3163 Itaque
314 3096 440 3146 miratus
456 3089 539 3163 quod
555 3098 641 3148 tanta
656 3098 702 3149 vis
718 3109 815 3166 aquae
836 3090 875 3148 ab
898 3098 959 3148 r'ma
981 3097 1067 3164 parte
1086 3088 1183 3147 volve·

187 3185 286 3259 batur,
313 3186 366 3245 din
389 3187 542 3263 patienter
567 3189 776 3266 exspectabat,
804 3189 876 3248 dum
903 3187 1050 3247 deflueret
1075 3187 1182 3246 amniS.

187 3285 336 3358 Tandem,
363 3287 445 3362 quod
474 3289 614 3346 morandi
642 3308 712 3347 eum
742 3289 895 3361 taedebat,
923 3307 980 3348 nec
1010 3297 1056 3346 vis
1085 3305 1183 3363 aquae

187 3393 312 3445 omnino
334 3385 537 3459 minuebatur,
562 3387 736 3465 agricolam,
757 3397 810 3465 qui
828 3388 907 3446 forte
932 3387 1062 3458 astabat,
1083 3386 1183 3462 appel-

186 3483 268 3545 lavit.
319 3487 403 3558 “Tn,
441 3488 588 3563 quaeso,''
626 3487 735 3564 inquit,
767 3495 866 3547 “vera
902 3487 975 3544 mihi
1011 3483 1181 3561 responde:
