<?xml version="1.0" encoding="UTF-8"?>
<!DOCTYPE html PUBLIC "-//W3C//DTD XHTML 1.0 Transitional//EN"
    "http://www.w3.org/TR/xhtml1/DTD/xhtml1-transitional.dtd">
<html xmlns="http://www.w3.org/1999/xhtml" xml:lang="en" lang="en">
 <head>
  <title>
</title>
<meta http-equiv="Content-Type" content="text/html;charset=utf-8" />
  <meta name='ocr-system' content='tesseract 3.04.00' />
  <meta name='ocr-capabilities' content='ocr_page ocr_carea ocr_par ocr_line ocrx_word'/>
</head>
<body>
  <div class='ocr_page' id='page_1' title='image "./newgradatimarev02collgoog_0137.png"; bbox 0 0 2684 3942; ppageno 0'>
   <div class='ocr_carea' id='block_1_1' title="bbox 572 283 1152 340">
    <p class='ocr_par' dir='ltr' id='par_1_1' title="bbox 572 283 1152 340">
     <span class='ocr_line' id='line_1_1' title="bbox 572 283 1152 340; baseline 0.005 -4"><span class='ocrx_word' id='word_1_1' title='bbox 572 283 617 337; x_wconf 78' lang='lat' dir='ltr'>UL</span> <span class='ocrx_word' id='word_1_2' title='bbox 626 284 739 337; x_wconf 78' lang='lat' dir='ltr'>vssEs.</span> <span class='ocrx_word' id='word_1_3' title='bbox 1105 284 1152 340; x_wconf 81' lang='lat'>117</span> 
     </span>
    </p>
   </div>
   <div class='ocr_carea' id='block_1_2' title="bbox 157 454 1155 1633">
    <p class='ocr_par' dir='ltr' id='par_1_2' title="bbox 157 454 1155 1633">
     <span class='ocr_line' id='line_1_2' title="bbox 157 454 1151 536; baseline 0.001 -20"><span class='ocrx_word' id='word_1_4' title='bbox 157 456 293 534; x_wconf 88' lang='lat' dir='ltr'>replevit,</span> <span class='ocrx_word' id='word_1_5' title='bbox 306 458 463 535; x_wconf 85' lang='lat' dir='ltr'>gigantem</span> <span class='ocrx_word' id='word_1_6' title='bbox 475 459 514 515; x_wconf 93' lang='lat' dir='ltr'>ad</span> <span class='ocrx_word' id='word_1_7' title='bbox 527 454 699 517; x_wconf 91' lang='lat' dir='ltr'>bibendum</span> <span class='ocrx_word' id='word_1_8' title='bbox 714 458 900 534; x_wconf 74' lang='lat' dir='ltr'>prdvocevit.</span> <span class='ocrx_word' id='word_1_9' title='bbox 937 458 1151 536; x_wconf 91' lang='lat' dir='ltr'>Polyphemus,</span> 
     </span>
     <span class='ocr_line' id='line_1_3' title="bbox 158 564 1152 634; baseline 0.001 -19"><span class='ocrx_word' id='word_1_10' title='bbox 158 567 211 633; x_wconf 92' lang='lat' dir='ltr'>qui</span> <span class='ocrx_word' id='word_1_11' title='bbox 235 576 392 634; x_wconf 89' lang='lat' dir='ltr'>nunquam</span> <span class='ocrx_word' id='word_1_12' title='bbox 419 567 509 616; x_wconf 76' lang='lat' dir='ltr'>antea</span> <span class='ocrx_word' id='word_1_13' title='bbox 534 567 638 616; x_wconf 92' lang='lat' dir='ltr'>vinum</span> <span class='ocrx_word' id='word_1_14' title='bbox 663 567 850 634; x_wconf 77' lang='lat' dir='ltr'>gustaverat,</span> <span class='ocrx_word' id='word_1_15' title='bbox 878 565 975 617; x_wconf 79' lang='lat' dir='ltr'>tetam</span> <span class='ocrx_word' id='word_1_16' title='bbox 1003 564 1152 617; x_wconf 77' lang='lat' dir='ltr'>creteram</span> 
     </span>
     <span class='ocr_line' id='line_1_4' title="bbox 158 657 1152 735; baseline -0.001 -19"><span class='ocrx_word' id='word_1_17' title='bbox 158 657 261 716; x_wconf 89' lang='lat' dir='ltr'>statim</span> <span class='ocrx_word' id='word_1_18' title='bbox 276 658 397 730; x_wconf 83' lang='lat' dir='ltr'>hausit3</span> <span class='ocrx_word' id='word_1_19' title='bbox 421 659 586 735; x_wconf 91' lang='lat' dir='ltr'>quodcum</span> <span class='ocrx_word' id='word_1_20' title='bbox 602 658 736 731; x_wconf 81' lang='lat' dir='ltr'>lecisset,</span> <span class='ocrx_word' id='word_1_21' title='bbox 750 667 867 716; x_wconf 85' lang='lat' dir='ltr'>tantam</span> <span class='ocrx_word' id='word_1_22' title='bbox 883 658 1072 734; x_wconf 79' lang='lat' dir='ltr'>voluptaitem</span> <span class='ocrx_word' id='word_1_23' title='bbox 1088 677 1152 734; x_wconf 89' lang='lat' dir='ltr'>per-</span> 
     </span>
     <span class='ocr_line' id='line_1_5' title="bbox 158 757 1152 834; baseline -0.001 -18"><span class='ocrx_word' id='word_1_24' title='bbox 158 757 239 833; x_wconf 89' lang='lat' dir='ltr'>cepit</span> <span class='ocrx_word' id='word_1_25' title='bbox 255 767 288 815; x_wconf 94' lang='lat' dir='ltr'>ut</span> <span class='ocrx_word' id='word_1_26' title='bbox 303 758 412 815; x_wconf 90' lang='lat' dir='ltr'>iterum</span> <span class='ocrx_word' id='word_1_27' title='bbox 428 767 459 816; x_wconf 91' lang='lat' dir='ltr'>et</span> <span class='ocrx_word' id='word_1_28' title='bbox 473 758 595 817; x_wconf 90' lang='lat' dir='ltr'>tertium</span> <span class='ocrx_word' id='word_1_29' title='bbox 607 764 756 817; x_wconf 77' lang='lat' dir='ltr'>crateram</span> <span class='ocrx_word' id='word_1_30' title='bbox 772 759 881 834; x_wconf 87' lang='lat' dir='ltr'>repleri</span> <span class='ocrx_word' id='word_1_31' title='bbox 897 758 1028 816; x_wconf 87' lang='lat' dir='ltr'>iusserit.</span> <span class='ocrx_word' id='word_1_32' title='bbox 1073 759 1152 815; x_wconf 95' lang='lat' dir='ltr'>Tum</span> 
     </span>
     <span class='ocr_line' id='line_1_6' title="bbox 158 857 1153 934; baseline -0.002 -16"><span class='ocrx_word' id='word_1_33' title='bbox 158 876 228 919; x_wconf 88' lang='lat' dir='ltr'>cum</span> <span class='ocrx_word' id='word_1_34' title='bbox 252 857 455 934; x_wconf 86' lang='lat' dir='ltr'>quaesivisset</span> <span class='ocrx_word' id='word_1_35' title='bbox 482 865 543 933; x_wconf 77' lang='lat' dir='ltr'>que</span> <span class='ocrx_word' id='word_1_36' title='bbox 572 858 697 917; x_wconf 77' lang='lat' dir='ltr'>nemine</span> <span class='ocrx_word' id='word_1_37' title='bbox 727 858 835 917; x_wconf 86' lang='lat' dir='ltr'>Ulixes</span> <span class='ocrx_word' id='word_1_38' title='bbox 862 857 1074 934; x_wconf 61' lang='lat' dir='ltr'>appellaretur,</span> <span class='ocrx_word' id='word_1_39' title='bbox 1102 858 1153 916; x_wconf 87' lang='lat' dir='ltr'>ille</span> 
     </span>
     <span class='ocr_line' id='line_1_7' title="bbox 158 956 1152 1035; baseline 0.001 -21"><span class='ocrx_word' id='word_1_40' title='bbox 158 956 318 1033; x_wconf 86' lang='lat' dir='ltr'>respondit</span> <span class='ocrx_word' id='word_1_41' title='bbox 341 964 373 1016; x_wconf 91' lang='lat' dir='ltr'>se</span> <span class='ocrx_word' id='word_1_42' title='bbox 399 957 562 1017; x_wconf 87' lang='lat' dir='ltr'>Neminem</span> <span class='ocrx_word' id='word_1_43' title='bbox 586 958 755 1035; x_wconf 76' lang='lat' dir='ltr'>appellari:</span> <span class='ocrx_word' id='word_1_44' title='bbox 787 958 871 1033; x_wconf 93' lang='lat' dir='ltr'>quod</span> <span class='ocrx_word' id='word_1_45' title='bbox 889 976 959 1016; x_wconf 89' lang='lat' dir='ltr'>cum</span> <span class='ocrx_word' id='word_1_46' title='bbox 975 957 1152 1030; x_wconf 82' lang='lat' dir='ltr'>audivisset,</span> 
     </span>
     <span class='ocr_line' id='line_1_8' title="bbox 160 1057 1154 1135; baseline 0.002 -21"><span class='ocrx_word' id='word_1_47' title='bbox 160 1057 367 1135; x_wconf 89' lang='lat' dir='ltr'>Polyphemus</span> <span class='ocrx_word' id='word_1_48' title='bbox 383 1057 425 1115; x_wconf 88' lang='lat' dir='ltr'>ita</span> <span class='ocrx_word' id='word_1_49' title='bbox 440 1058 560 1116; x_wconf 78' lang='lat' dir='ltr'>locutus</span> <span class='ocrx_word' id='word_1_50' title='bbox 575 1066 631 1130; x_wconf 79' lang='lat' dir='ltr'>est,</span> <span class='ocrx_word' id='word_1_51' title='bbox 650 1064 666 1091; x_wconf 92' lang='lat'>“</span> <span class='ocrx_word' id='word_1_52' title='bbox 677 1059 769 1115; x_wconf 90' lang='lat' dir='ltr'>Hanc</span> <span class='ocrx_word' id='word_1_53' title='bbox 784 1057 841 1116; x_wconf 89' lang='lat' dir='ltr'>tibi</span> <span class='ocrx_word' id='word_1_54' title='bbox 852 1057 981 1134; x_wconf 73' lang='lat' dir='ltr'>gretiam</span> <span class='ocrx_word' id='word_1_55' title='bbox 996 1065 1051 1134; x_wconf 74' lang='lat' dir='ltr'>pri)</span> <span class='ocrx_word' id='word_1_56' title='bbox 1066 1064 1154 1117; x_wconf 78' lang='lat' dir='ltr'>tante</span> 
     </span>
     <span class='ocr_line' id='line_1_9' title="bbox 159 1156 1154 1227; baseline -0.001 -12"><span class='ocrx_word' id='word_1_57' title='bbox 159 1156 311 1215; x_wconf 81' lang='lat' dir='ltr'>beneficie</span> <span class='ocrx_word' id='word_1_58' title='bbox 326 1157 472 1227; x_wconf 80' lang='lat' dir='ltr'>referam3</span> <span class='ocrx_word' id='word_1_59' title='bbox 496 1164 526 1215; x_wconf 89' lang='lat' dir='ltr'>te</span> <span class='ocrx_word' id='word_1_60' title='bbox 542 1157 680 1215; x_wconf 81' lang='lat' dir='ltr'>ultimum</span> <span class='ocrx_word' id='word_1_61' title='bbox 703 1157 839 1215; x_wconf 91' lang='lat' dir='ltr'>omnium</span> <span class='ocrx_word' id='word_1_62' title='bbox 861 1156 1047 1216; x_wconf 75' lang='lat' dir='ltr'>devoreb6.&#39;&#39;</span> <span class='ocrx_word' id='word_1_63' title='bbox 1093 1158 1154 1215; x_wconf 93' lang='lat' dir='ltr'>His</span> 
     </span>
     <span class='ocr_line' id='line_1_10' title="bbox 159 1256 1154 1334; baseline 0 -20"><span class='ocrx_word' id='word_1_64' title='bbox 159 1256 259 1328; x_wconf 88' lang='lat' dir='ltr'>dictis,</span> <span class='ocrx_word' id='word_1_65' title='bbox 277 1256 348 1315; x_wconf 75' lang='lat' dir='ltr'>cibe</span> <span class='ocrx_word' id='word_1_66' title='bbox 364 1263 498 1332; x_wconf 80' lang='lat' dir='ltr'>vinoque</span> <span class='ocrx_word' id='word_1_67' title='bbox 515 1265 659 1334; x_wconf 77' lang='lat' dir='ltr'>gravetus</span> <span class='ocrx_word' id='word_1_68' title='bbox 675 1257 816 1315; x_wconf 86' lang='lat' dir='ltr'>recubuit</span> <span class='ocrx_word' id='word_1_69' title='bbox 830 1266 861 1315; x_wconf 91' lang='lat' dir='ltr'>et</span> <span class='ocrx_word' id='word_1_70' title='bbox 882 1266 952 1332; x_wconf 91' lang='lat' dir='ltr'>post</span> <span class='ocrx_word' id='word_1_71' title='bbox 972 1259 1065 1315; x_wconf 87' lang='lat' dir='ltr'>breve</span> <span class='ocrx_word' id='word_1_72' title='bbox 1081 1266 1154 1315; x_wconf 89' lang='lat' dir='ltr'>tem-</span> 
     </span>
     <span class='ocr_line' id='line_1_11' title="bbox 160 1355 1153 1432; baseline 0.001 -20"><span class='ocrx_word' id='word_1_73' title='bbox 160 1374 218 1432; x_wconf 94' lang='lat' dir='ltr'>pus</span> <span class='ocrx_word' id='word_1_74' title='bbox 234 1363 344 1414; x_wconf 77' lang='lat' dir='ltr'>somne</span> <span class='ocrx_word' id='word_1_75' title='bbox 356 1374 523 1431; x_wconf 92' lang='lat' dir='ltr'>oppressus</span> <span class='ocrx_word' id='word_1_76' title='bbox 539 1365 595 1415; x_wconf 91' lang='lat' dir='ltr'>est.</span> <span class='ocrx_word' id='word_1_77' title='bbox 640 1357 719 1414; x_wconf 90' lang='lat' dir='ltr'>Tum</span> <span class='ocrx_word' id='word_1_78' title='bbox 737 1355 846 1415; x_wconf 84' lang='lat' dir='ltr'>Ulixes</span> <span class='ocrx_word' id='word_1_79' title='bbox 858 1356 949 1415; x_wconf 91' lang='lat' dir='ltr'>sociis</span> <span class='ocrx_word' id='word_1_80' title='bbox 966 1364 1153 1427; x_wconf 66' lang='lat' dir='ltr'>convocetis,</span> 
     </span>
     <span class='ocr_line' id='line_1_12' title="bbox 161 1454 1155 1532; baseline 0 -20"><span class='ocrx_word' id='word_1_81' title='bbox 161 1455 380 1527; x_wconf 65' lang='lat' dir='ltr'>“Habemus’&#39;</span> <span class='ocrx_word' id='word_1_82' title='bbox 394 1455 502 1531; x_wconf 88' lang='lat' dir='ltr'>inquit,</span> <span class='ocrx_word' id='word_1_83' title='bbox 518 1462 633 1531; x_wconf 86' lang='lat' dir='ltr'>“quam</span> <span class='ocrx_word' id='word_1_84' title='bbox 643 1455 788 1532; x_wconf 91' lang='lat' dir='ltr'>petiimus</span> <span class='ocrx_word' id='word_1_85' title='bbox 796 1455 993 1515; x_wconf 63' lang='lat' dir='ltr'>facultatem:</span> <span class='ocrx_word' id='word_1_86' title='bbox 1017 1462 1056 1514; x_wconf 95' lang='lat' dir='ltr'>ne</span> <span class='ocrx_word' id='word_1_87' title='bbox 1064 1454 1155 1532; x_wconf 90' lang='lat' dir='ltr'>igitur</span> 
     </span>
     <span class='ocr_line' id='line_1_13' title="bbox 160 1554 1036 1633; baseline 0 -20"><span class='ocrx_word' id='word_1_88' title='bbox 160 1563 277 1613; x_wconf 89' lang='lat' dir='ltr'>tantam</span> <span class='ocrx_word' id='word_1_89' title='bbox 293 1554 490 1614; x_wconf 74' lang='lat' dir='ltr'>occesienem</span> <span class='ocrx_word' id='word_1_90' title='bbox 505 1564 549 1615; x_wconf 90' lang='lat' dir='ltr'>rei</span> <span class='ocrx_word' id='word_1_91' title='bbox 563 1556 644 1615; x_wconf 90' lang='lat' dir='ltr'>bene</span> <span class='ocrx_word' id='word_1_92' title='bbox 658 1556 813 1633; x_wconf 84' lang='lat' dir='ltr'>gerendae</span> <span class='ocrx_word' id='word_1_93' title='bbox 829 1554 1036 1614; x_wconf 46' lang='lat' dir='ltr'>omittemus?</span> 
     </span>
    </p>
   </div>
   <div class='ocr_carea' id='block_1_3' title="bbox 541 1753 774 1826">
    <p class='ocr_par' dir='ltr' id='par_1_3' title="bbox 541 1753 774 1826">
     <span class='ocr_line' id='line_1_14' title="bbox 541 1753 774 1826; baseline -0.004 -18"><span class='ocrx_word' id='word_1_94' title='bbox 541 1753 605 1823; x_wconf 85' lang='lat'>146.</span> <span class='ocrx_word' id='word_1_95' title='bbox 645 1753 774 1826; x_wconf 81' lang='lat' dir='ltr'>Nobody.</span> 
     </span>
    </p>
   </div>
   <div class='ocr_carea' id='block_1_4' title="bbox 162 1878 1162 3655">
    <p class='ocr_par' dir='ltr' id='par_1_4' title="bbox 162 1878 1162 3655">
     <span class='ocr_line' id='line_1_15' title="bbox 205 1878 1157 1956; baseline 0 -18"><span class='ocrx_word' id='word_1_96' title='bbox 205 1882 275 1940; x_wconf 79' lang='lat' dir='ltr'>Hac</span> <span class='ocrx_word' id='word_1_97' title='bbox 296 1879 433 1939; x_wconf 73' lang='lat' dir='ltr'>‹irritiene</span> <span class='ocrx_word' id='word_1_98' title='bbox 455 1878 567 1951; x_wconf 78' lang='lat' dir='ltr'>habita,</span> <span class='ocrx_word' id='word_1_99' title='bbox 585 1889 749 1956; x_wconf 87' lang='lat' dir='ltr'>postquam</span> <span class='ocrx_word' id='word_1_100' title='bbox 769 1886 937 1938; x_wconf 85' lang='lat' dir='ltr'>extremum</span> <span class='ocrx_word' id='word_1_101' title='bbox 960 1879 1063 1955; x_wconf 76' lang='lat' dir='ltr'>palum</span> <span class='ocrx_word' id='word_1_102' title='bbox 1086 1887 1157 1956; x_wconf 90' lang='lat' dir='ltr'>igne</span> 
     </span>
     <span class='ocr_line' id='line_1_16' title="bbox 162 1979 1157 2058; baseline 0.001 -21"><span class='ocrx_word' id='word_1_103' title='bbox 162 1979 311 2052; x_wconf 73' lang='lat' dir='ltr'>calefecit,</span> <span class='ocrx_word' id='word_1_104' title='bbox 328 1980 450 2038; x_wconf 90' lang='lat' dir='ltr'>oculum</span> <span class='ocrx_word' id='word_1_105' title='bbox 475 1981 654 2058; x_wconf 78' lang='lat' dir='ltr'>Polyphemi</span> <span class='ocrx_word' id='word_1_106' title='bbox 675 1980 748 2038; x_wconf 90' lang='lat' dir='ltr'>dum</span> <span class='ocrx_word' id='word_1_107' title='bbox 763 1979 878 2038; x_wconf 88' lang='lat' dir='ltr'>dormit</span> <span class='ocrx_word' id='word_1_108' title='bbox 900 1979 1049 2056; x_wconf 86' lang='lat' dir='ltr'>flagrante</span> <span class='ocrx_word' id='word_1_109' title='bbox 1072 1979 1157 2055; x_wconf 78' lang='lat' dir='ltr'>ligne</span> 
     </span>
     <span class='ocr_line' id='line_1_17' title="bbox 162 2079 1157 2157; baseline -0.002 -19"><span class='ocrx_word' id='word_1_110' title='bbox 162 2079 344 2139; x_wconf 74' lang='lat' dir='ltr'>transfodit:</span> <span class='ocrx_word' id='word_1_111' title='bbox 368 2087 430 2156; x_wconf 79' lang='lat' dir='ltr'>qud</span> <span class='ocrx_word' id='word_1_112' title='bbox 444 2081 536 2152; x_wconf 78' lang='lat' dir='ltr'>facte,</span> <span class='ocrx_word' id='word_1_113' title='bbox 548 2086 656 2138; x_wconf 90' lang='lat' dir='ltr'>omnes</span> <span class='ocrx_word' id='word_1_114' title='bbox 672 2080 703 2137; x_wconf 93' lang='lat' dir='ltr'>in</span> <span class='ocrx_word' id='word_1_115' title='bbox 719 2080 856 2138; x_wconf 74' lang='lat' dir='ltr'>diverses</span> <span class='ocrx_word' id='word_1_116' title='bbox 872 2080 1037 2157; x_wconf 78' lang='lat' dir='ltr'>speluncae</span> <span class='ocrx_word' id='word_1_117' title='bbox 1054 2084 1157 2154; x_wconf 89' lang='lat' dir='ltr'>partes</span> 
     </span>
     <span class='ocr_line' id='line_1_18' title="bbox 163 2179 1157 2255; baseline -0.002 -17"><span class='ocrx_word' id='word_1_118' title='bbox 163 2186 196 2238; x_wconf 86' lang='lat' dir='ltr'>se</span> <span class='ocrx_word' id='word_1_119' title='bbox 218 2179 412 2238; x_wconf 86' lang='lat' dir='ltr'>abdiderunt.</span> <span class='ocrx_word' id='word_1_120' title='bbox 458 2182 499 2237; x_wconf 92' lang='lat' dir='ltr'>At</span> <span class='ocrx_word' id='word_1_121' title='bbox 522 2179 572 2237; x_wconf 90' lang='lat' dir='ltr'>ille</span> <span class='ocrx_word' id='word_1_122' title='bbox 595 2179 699 2238; x_wconf 81' lang='lat' dir='ltr'>subite</span> <span class='ocrx_word' id='word_1_123' title='bbox 721 2179 773 2238; x_wconf 80' lang='lat' dir='ltr'>illo</span> <span class='ocrx_word' id='word_1_124' title='bbox 791 2179 906 2251; x_wconf 75' lang='lat' dir='ltr'>dolere,</span> <span class='ocrx_word' id='word_1_125' title='bbox 924 2179 1007 2255; x_wconf 91' lang='lat' dir='ltr'>quod</span> <span class='ocrx_word' id='word_1_126' title='bbox 1029 2196 1157 2236; x_wconf 89' lang='lat' dir='ltr'>necesse</span> 
     </span>
     <span class='ocr_line' id='line_1_19' title="bbox 162 2266 1159 2352; baseline 0.001 -16"><span class='ocrx_word' id='word_1_127' title='bbox 162 2266 269 2351; x_wconf 67' lang='lat' dir='ltr'>luite</span> <span class='ocrx_word' id='word_1_128' title='bbox 292 2287 402 2338; x_wconf 84' lang='lat' dir='ltr'>somno</span> <span class='ocrx_word' id='word_1_129' title='bbox 424 2279 583 2352; x_wconf 63' lang='lat' dir='ltr'>excitatus,</span> <span class='ocrx_word' id='word_1_130' title='bbox 606 2280 771 2339; x_wconf 79' lang='lat' dir='ltr'>clamorem</span> <span class='ocrx_word' id='word_1_131' title='bbox 793 2278 959 2339; x_wconf 86' lang='lat' dir='ltr'>terribilem</span> <span class='ocrx_word' id='word_1_132' title='bbox 982 2278 1106 2337; x_wconf 88' lang='lat' dir='ltr'>sustulit</span> <span class='ocrx_word' id='word_1_133' title='bbox 1128 2287 1159 2337; x_wconf 92' lang='lat' dir='ltr'>et</span> 
     </span>
     <span class='ocr_line' id='line_1_20' title="bbox 163 2379 1158 2455; baseline 0 -19"><span class='ocrx_word' id='word_1_134' title='bbox 163 2379 236 2436; x_wconf 90' lang='lat' dir='ltr'>dum</span> <span class='ocrx_word' id='word_1_135' title='bbox 251 2397 305 2455; x_wconf 91' lang='lat' dir='ltr'>per</span> <span class='ocrx_word' id='word_1_136' title='bbox 320 2379 498 2455; x_wconf 76' lang='lat' dir='ltr'>speluncam</span> <span class='ocrx_word' id='word_1_137' title='bbox 510 2388 598 2452; x_wconf 85' lang='lat' dir='ltr'>errat,</span> <span class='ocrx_word' id='word_1_138' title='bbox 610 2379 694 2438; x_wconf 86' lang='lat' dir='ltr'>Ulixi</span> <span class='ocrx_word' id='word_1_139' title='bbox 706 2398 830 2437; x_wconf 89' lang='lat' dir='ltr'>manum</span> <span class='ocrx_word' id='word_1_140' title='bbox 845 2379 957 2437; x_wconf 89' lang='lat' dir='ltr'>inicere</span> <span class='ocrx_word' id='word_1_141' title='bbox 970 2379 1158 2437; x_wconf 62' lang='lat' dir='ltr'>conabatur:</span> 
     </span>
     <span class='ocr_line' id='line_1_21' title="bbox 163 2462 1158 2549; baseline -0.002 -12"><span class='ocrx_word' id='word_1_142' title='bbox 163 2496 233 2537; x_wconf 92' lang='lat' dir='ltr'>cum</span> <span class='ocrx_word' id='word_1_143' title='bbox 258 2489 362 2538; x_wconf 87' lang='lat' dir='ltr'>tamen</span> <span class='ocrx_word' id='word_1_144' title='bbox 386 2478 447 2536; x_wconf 91' lang='lat' dir='ltr'>iam</span> <span class='ocrx_word' id='word_1_145' title='bbox 471 2462 597 2538; x_wconf 77' lang='lat' dir='ltr'>omnine</span> <span class='ocrx_word' id='word_1_146' title='bbox 620 2498 731 2538; x_wconf 91' lang='lat' dir='ltr'>caecus</span> <span class='ocrx_word' id='word_1_147' title='bbox 757 2488 848 2549; x_wconf 90' lang='lat' dir='ltr'>esset,</span> <span class='ocrx_word' id='word_1_148' title='bbox 876 2478 1075 2537; x_wconf 80' lang='lat' dir='ltr'>nullomodo</span> <span class='ocrx_word' id='word_1_149' title='bbox 1099 2478 1158 2536; x_wconf 75' lang='lat' dir='ltr'>hec</span> 
     </span>
     <span class='ocr_line' id='line_1_22' title="bbox 163 2578 1159 2657; baseline 0 -20"><span class='ocrx_word' id='word_1_150' title='bbox 163 2579 283 2638; x_wconf 89' lang='lat' dir='ltr'>efficere</span> <span class='ocrx_word' id='word_1_151' title='bbox 306 2578 415 2656; x_wconf 91' lang='lat' dir='ltr'>potuit.</span> <span class='ocrx_word' id='word_1_152' title='bbox 461 2581 583 2638; x_wconf 78' lang='lat' dir='ltr'>Intereai</span> <span class='ocrx_word' id='word_1_153' title='bbox 607 2578 716 2655; x_wconf 86' lang='lat' dir='ltr'>reliqui</span> <span class='ocrx_word' id='word_1_154' title='bbox 732 2579 884 2657; x_wconf 77' lang='lat' dir='ltr'>Cyclepes</span> <span class='ocrx_word' id='word_1_155' title='bbox 899 2578 1032 2637; x_wconf 76' lang='lat' dir='ltr'>clamere</span> <span class='ocrx_word' id='word_1_156' title='bbox 1054 2578 1159 2637; x_wconf 75' lang='lat' dir='ltr'>audite</span> 
     </span>
     <span class='ocr_line' id='line_1_23' title="bbox 163 2677 1160 2754; baseline -0.002 -18"><span class='ocrx_word' id='word_1_157' title='bbox 163 2679 300 2754; x_wconf 91' lang='lat' dir='ltr'>undique</span> <span class='ocrx_word' id='word_1_158' title='bbox 323 2679 362 2737; x_wconf 88' lang='lat' dir='ltr'>ad</span> <span class='ocrx_word' id='word_1_159' title='bbox 384 2679 563 2754; x_wconf 88' lang='lat' dir='ltr'>speluncam</span> <span class='ocrx_word' id='word_1_160' title='bbox 586 2684 797 2737; x_wconf 87' lang='lat' dir='ltr'>convenerunt</span> <span class='ocrx_word' id='word_1_161' title='bbox 819 2687 850 2737; x_wconf 94' lang='lat' dir='ltr'>et</span> <span class='ocrx_word' id='word_1_162' title='bbox 871 2679 910 2736; x_wconf 91' lang='lat' dir='ltr'>ad</span> <span class='ocrx_word' id='word_1_163' title='bbox 933 2677 1091 2736; x_wconf 89' lang='lat' dir='ltr'>introitum</span> <span class='ocrx_word' id='word_1_164' title='bbox 1110 2677 1160 2735; x_wconf 92' lang='lat' dir='ltr'>ad-</span> 
     </span>
     <span class='ocr_line' id='line_1_24' title="bbox 164 2778 1159 2856; baseline -0.003 -20"><span class='ocrx_word' id='word_1_165' title='bbox 164 2784 291 2849; x_wconf 86' lang='lat' dir='ltr'>stantes,</span> <span class='ocrx_word' id='word_1_166' title='bbox 309 2778 383 2854; x_wconf 93' lang='lat' dir='ltr'>quid</span> <span class='ocrx_word' id='word_1_167' title='bbox 408 2778 615 2856; x_wconf 90' lang='lat' dir='ltr'>Polyphemus</span> <span class='ocrx_word' id='word_1_168' title='bbox 639 2787 743 2854; x_wconf 89' lang='lat' dir='ltr'>ageret</span> <span class='ocrx_word' id='word_1_169' title='bbox 767 2785 992 2854; x_wconf 82' lang='lat' dir='ltr'>quaesiverunt,</span> <span class='ocrx_word' id='word_1_170' title='bbox 1014 2786 1045 2835; x_wconf 92' lang='lat' dir='ltr'>et</span> <span class='ocrx_word' id='word_1_171' title='bbox 1068 2795 1159 2852; x_wconf 91' lang='lat' dir='ltr'>quam</span> 
     </span>
     <span class='ocr_line' id='line_1_25' title="bbox 164 2876 1160 2953; baseline -0.004 -17"><span class='ocrx_word' id='word_1_172' title='bbox 164 2878 204 2936; x_wconf 91' lang='lat' dir='ltr'>ob</span> <span class='ocrx_word' id='word_1_173' title='bbox 220 2897 344 2936; x_wconf 89' lang='lat' dir='ltr'>causam</span> <span class='ocrx_word' id='word_1_174' title='bbox 365 2888 484 2936; x_wconf 92' lang='lat' dir='ltr'>tantum</span> <span class='ocrx_word' id='word_1_175' title='bbox 502 2878 667 2936; x_wconf 76' lang='lat' dir='ltr'>clamerem</span> <span class='ocrx_word' id='word_1_176' title='bbox 691 2877 876 2936; x_wconf 88' lang='lat' dir='ltr'>sustulisset.</span> <span class='ocrx_word' id='word_1_177' title='bbox 923 2877 979 2936; x_wconf 89' lang='lat' dir='ltr'>Ille</span> <span class='ocrx_word' id='word_1_178' title='bbox 999 2876 1160 2953; x_wconf 91' lang='lat' dir='ltr'>respondit</span> 
     </span>
     <span class='ocr_line' id='line_1_26' title="bbox 164 2976 1161 3054; baseline -0.004 -18"><span class='ocrx_word' id='word_1_179' title='bbox 164 2984 198 3036; x_wconf 88' lang='lat' dir='ltr'>se</span> <span class='ocrx_word' id='word_1_180' title='bbox 212 2977 346 3054; x_wconf 84' lang='lat' dir='ltr'>graviter</span> <span class='ocrx_word' id='word_1_181' title='bbox 361 2978 550 3052; x_wconf 67' lang='lat' dir='ltr'>volneratum</span> <span class='ocrx_word' id='word_1_182' title='bbox 569 2996 637 3035; x_wconf 91' lang='lat' dir='ltr'>esse</span> <span class='ocrx_word' id='word_1_183' title='bbox 653 2987 684 3036; x_wconf 92' lang='lat' dir='ltr'>et</span> <span class='ocrx_word' id='word_1_184' title='bbox 699 2985 813 3052; x_wconf 65' lang='lat' dir='ltr'>magno</span> <span class='ocrx_word' id='word_1_185' title='bbox 828 2976 933 3035; x_wconf 75' lang='lat' dir='ltr'>dolere</span> <span class='ocrx_word' id='word_1_186' title='bbox 951 2976 1061 3035; x_wconf 83' lang='lat' dir='ltr'>adfici:</span> <span class='ocrx_word' id='word_1_187' title='bbox 1091 2994 1161 3034; x_wconf 92' lang='lat' dir='ltr'>cum</span> 
     </span>
     <span class='ocr_line' id='line_1_27' title="bbox 164 3075 1161 3152; baseline -0.001 -17"><span class='ocrx_word' id='word_1_188' title='bbox 164 3086 267 3136; x_wconf 87' lang='lat' dir='ltr'>tamen</span> <span class='ocrx_word' id='word_1_189' title='bbox 280 3084 373 3135; x_wconf 89' lang='lat' dir='ltr'>ceteri</span> <span class='ocrx_word' id='word_1_190' title='bbox 384 3077 608 3152; x_wconf 90' lang='lat' dir='ltr'>quaesivissent</span> <span class='ocrx_word' id='word_1_191' title='bbox 625 3077 694 3152; x_wconf 92' lang='lat' dir='ltr'>quis</span> <span class='ocrx_word' id='word_1_192' title='bbox 710 3086 739 3135; x_wconf 91' lang='lat' dir='ltr'>ei</span> <span class='ocrx_word' id='word_1_193' title='bbox 753 3076 814 3133; x_wconf 91' lang='lat' dir='ltr'>vim</span> <span class='ocrx_word' id='word_1_194' title='bbox 825 3076 987 3148; x_wconf 88' lang='lat' dir='ltr'>intulisset,</span> <span class='ocrx_word' id='word_1_195' title='bbox 999 3075 1161 3152; x_wconf 89' lang='lat' dir='ltr'>respondit</span> 
     </span>
     <span class='ocr_line' id='line_1_28' title="bbox 165 3176 1159 3254; baseline 0 -21"><span class='ocrx_word' id='word_1_196' title='bbox 165 3177 215 3236; x_wconf 87' lang='lat' dir='ltr'>ille</span> <span class='ocrx_word' id='word_1_197' title='bbox 226 3177 389 3236; x_wconf 90' lang='lat' dir='ltr'>Neminem</span> <span class='ocrx_word' id='word_1_198' title='bbox 402 3177 433 3235; x_wconf 94' lang='lat' dir='ltr'>id</span> <span class='ocrx_word' id='word_1_199' title='bbox 444 3176 572 3236; x_wconf 78' lang='lat' dir='ltr'>fecisse:</span> <span class='ocrx_word' id='word_1_200' title='bbox 590 3177 702 3253; x_wconf 91' lang='lat' dir='ltr'>quibus</span> <span class='ocrx_word' id='word_1_201' title='bbox 715 3176 835 3246; x_wconf 87' lang='lat' dir='ltr'>auditis,</span> <span class='ocrx_word' id='word_1_202' title='bbox 848 3185 926 3234; x_wconf 85' lang='lat' dir='ltr'>unus</span> <span class='ocrx_word' id='word_1_203' title='bbox 936 3182 953 3234; x_wconf 91' lang='lat' dir='ltr'>e</span> <span class='ocrx_word' id='word_1_204' title='bbox 962 3176 1159 3254; x_wconf 67' lang='lat' dir='ltr'>Cyclopibus,</span> 
     </span>
     <span class='ocr_line' id='line_1_29' title="bbox 167 3275 1162 3352; baseline -0.002 -18"><span class='ocrx_word' id='word_1_205' title='bbox 167 3279 232 3334; x_wconf 89' lang='lat' dir='ltr'>“At</span> <span class='ocrx_word' id='word_1_206' title='bbox 254 3284 280 3334; x_wconf 93' lang='lat' dir='ltr'>si</span> <span class='ocrx_word' id='word_1_207' title='bbox 302 3278 422 3348; x_wconf 77' lang='lat' dir='ltr'>neme‚&#39;&#39;</span> <span class='ocrx_word' id='word_1_208' title='bbox 446 3276 554 3352; x_wconf 73' lang='lat' dir='ltr'>inquit,</span> <span class='ocrx_word' id='word_1_209' title='bbox 584 3284 641 3334; x_wconf 86' lang='lat' dir='ltr'>“te</span> <span class='ocrx_word' id='word_1_210' title='bbox 663 3276 840 3345; x_wconf 72' lang='lat' dir='ltr'>volnerevit</span> <span class='ocrx_word' id='word_1_211' title='bbox 863 3276 946 3334; x_wconf 91' lang='lat' dir='ltr'>haud</span> <span class='ocrx_word' id='word_1_212' title='bbox 964 3275 1091 3333; x_wconf 92' lang='lat' dir='ltr'>dubium</span> <span class='ocrx_word' id='word_1_213' title='bbox 1114 3285 1162 3333; x_wconf 92' lang='lat' dir='ltr'>est</span> 
     </span>
     <span class='ocr_line' id='line_1_30' title="bbox 165 3375 1161 3452; baseline -0.002 -19"><span class='ocrx_word' id='word_1_214' title='bbox 165 3385 239 3451; x_wconf 91' lang='lat' dir='ltr'>quin</span> <span class='ocrx_word' id='word_1_215' title='bbox 255 3376 385 3435; x_wconf 75' lang='lat' dir='ltr'>consiliii</span> <span class='ocrx_word' id='word_1_216' title='bbox 405 3377 538 3447; x_wconf 81' lang='lat' dir='ltr'>deorum</span> <span class='ocrx_word' id='word_1_217' title='bbox 559 3375 671 3452; x_wconf 90' lang='lat' dir='ltr'>quibus</span> <span class='ocrx_word' id='word_1_218' title='bbox 692 3376 834 3434; x_wconf 90' lang='lat' dir='ltr'>resistere</span> <span class='ocrx_word' id='word_1_219' title='bbox 851 3394 908 3433; x_wconf 90' lang='lat' dir='ltr'>nec</span> <span class='ocrx_word' id='word_1_220' title='bbox 925 3393 1089 3451; x_wconf 91' lang='lat' dir='ltr'>possumus</span> <span class='ocrx_word' id='word_1_221' title='bbox 1105 3393 1161 3431; x_wconf 91' lang='lat' dir='ltr'>nec</span> 
     </span>
     <span class='ocr_line' id='line_1_31' title="bbox 165 3472 1160 3552; baseline -0.004 -18"><span class='ocrx_word' id='word_1_222' title='bbox 165 3477 313 3547; x_wconf 70' lang='lat' dir='ltr'>volumus</span> <span class='ocrx_word' id='word_1_223' title='bbox 330 3476 389 3534; x_wconf 77' lang='lat' dir='ltr'>hec</span> <span class='ocrx_word' id='word_1_224' title='bbox 412 3476 563 3552; x_wconf 79' lang='lat' dir='ltr'>supplicid</span> <span class='ocrx_word' id='word_1_225' title='bbox 587 3475 771 3534; x_wconf 76' lang='lat' dir='ltr'>adficiaris.&#39;&#39;</span> <span class='ocrx_word' id='word_1_226' title='bbox 826 3476 886 3533; x_wconf 89' lang='lat' dir='ltr'>His</span> <span class='ocrx_word' id='word_1_227' title='bbox 909 3474 999 3533; x_wconf 89' lang='lat' dir='ltr'>dictis</span> <span class='ocrx_word' id='word_1_228' title='bbox 1023 3472 1160 3532; x_wconf 88' lang='lat' dir='ltr'>abierunt</span> 
     </span>
     <span class='ocr_line' id='line_1_32' title="bbox 166 3573 995 3655; baseline -0.002 -20"><span class='ocrx_word' id='word_1_229' title='bbox 166 3577 319 3655; x_wconf 64' lang='lat' dir='ltr'>Cyclopes</span> <span class='ocrx_word' id='word_1_230' title='bbox 344 3595 413 3634; x_wconf 89' lang='lat' dir='ltr'>eum</span> <span class='ocrx_word' id='word_1_231' title='bbox 440 3576 470 3633; x_wconf 89' lang='lat' dir='ltr'>in</span> <span class='ocrx_word' id='word_1_232' title='bbox 498 3575 649 3634; x_wconf 76' lang='lat' dir='ltr'>insiniam</span> <span class='ocrx_word' id='word_1_233' title='bbox 676 3575 822 3634; x_wconf 90' lang='lat' dir='ltr'>incidisse</span> <span class='ocrx_word' id='word_1_234' title='bbox 848 3573 995 3633; x_wconf 64' lang='lat' dir='ltr'>arbitrati.</span> 
     </span>
    </p>
   </div>
   <div class='ocr_carea' id='block_1_5' title="bbox 0 0 1357 3942">
    <p class='ocr_par' dir='ltr' id='par_1_5' title="bbox 0 0 1357 3942">
     <span class='ocr_line' id='line_1_33' title="bbox 0 0 1357 3942; baseline 0 0"><span class='ocrx_word' id='word_1_235' title='bbox 0 0 1357 3942; x_wconf 95' lang='lat' dir='ltr'> </span> 
     </span>
    </p>
   </div>
  </div>
 </body>
</html>
