2684 3942
191 307 222 360 78
566 294 806 360 anscherus.

236 477 309 562 The
324 478 457 561 supines
473 498 529 542 are
545 488 612 543 two
629 499 721 544 noun
737 480 841 544 forms
859 481 894 545 oi
910 480 1104 546 declension
1122 482 1183 546 IV.

233 633 280 716 (1)
313 636 429 714 Supine
454 637 486 695 in
512 656 664 696 um-an
691 637 865 698 accusative
891 639 924 698 of
949 658 1082 716 purpose
1107 640 1185 699 after

355 735 446 795 verbs
461 736 494 794 of
509 736 633 796 motion.

338 851 407 903 veni
420 852 452 904 ῐδ
464 852 569 912 visum
583 853 605 905 J
613 850 690 906 have
702 869 778 906 come
790 859 818 906 to
830 871 874 907 see
880 871 949 923 you.

233 992 280 1074 (2)
312 994 428 1071 Supine
443 994 475 1053 in
490 999 608 1053 u—an
625 995 757 1055 ablative
777 996 810 1055 of
831 1005 952 1073 respect
974 997 1052 1056 used
1073 996 1184 1076 chiefly

354 1093 427 1154 with
443 1094 619 1173 adjectives.

826 1202 854 1248 to
866 1196 897 1248 be
908 1195 997 1249 said!

337 1248 472 1301 mirabile
489 1249 593 1342 dictu!
622 1249 790 1319 wonderful
825 1298 856 1349 in
871 1297 917 1350 the
929 1299 1055 1369 saying'

588 1492 763 1501 -—-———

322 1650 579 1709 ANECDOTES
611 1650 697 1709 FOR
726 1650 1046 1710 TRANSLATION.

530 1811 578 1884 89.
618 1813 680 1869 The
698 1812 835 1870 Robbers.

232 1940 346 1999 Balbus
376 1940 518 2019 agricola,
546 1949 599 2018 qui
627 1939 660 1999 in
689 1939 782 2000 silvas
812 1940 895 2017 ligna
924 1960 1047 2001 caesum
1077 1951 1181 2016 iverat,

188 2040 327 2118 virgultis
342 2041 479 2100 occultus
495 2049 639 2118 magnam
654 2060 779 2100 manum
794 2041 955 2115 latronum,
973 2050 1025 2117 qui
1045 2042 1181 2115 adibant,

188 2139 273 2199 vidit.
319 2140 472 2214 Quidum
494 2140 674 2217 perterritus
696 2140 812 2199 nullum
835 2159 944 2199 sonum
966 2141 1057 2201 edere
1080 2142 1181 2215 audet,

189 2240 251 2299 dux
265 2240 331 2317 ipse
346 2241 499 2299 latrunum
511 2240 692 2300 altissimam
704 2250 810 2317 rupem
823 2259 985 2317 aggressus
997 2260 1064 2301 eam
1076 2242 1183 2301 dextra

188 2340 322 2417 pulsavit
350 2341 427 2400 haec
457 2340 584 2414 locutus,
617 2344 740 2418 “Aperi
768 2347 808 2413 te,
838 2340 1011 2400 horreum.”
1062 2340 1183 2416 Quibus

188 2442 298 2513 verbis,
322 2440 460 2499 mirabile
482 2440 586 2500 dictu!
623 2441 707 2499 fores
730 2440 847 2500 celatae
871 2450 981 2516 aperiri
1004 2450 1088 2501 visae
1112 2452 1184 2501 sunt

188 2549 370 2617 antrumque
383 2540 492 2617 ingens
504 2540 650 2617 patefieri.
683 2539 761 2599 Inde
773 2540 908 2600 latrunes
921 2550 1041 2599 antrum
1053 2541 1184 2619 ingressi

188 2660 290 2713 onera,
318 2660 397 2717 quae
421 2642 593 2717 portabant,
617 2640 828 2718 deposuerunt
856 2640 1027 2718 iterumque
1053 2650 1184 2718 regressi

188 2749 396 2818 ecunspectu
419 2741 634 2801 discesserunt.
681 2741 803 2801 Deinde
830 2741 951 2814 Balbus
977 2749 1030 2817 qui
1058 2741 1182 2800 tandem

188 2842 353 2902 elatebris
378 2850 461 2900 exire
491 2860 585 2901 ausus
614 2852 670 2914 est,
700 2842 808 2900 iisdem
835 2842 936 2901 verbis
965 2850 1047 2913 usus,
1078 2850 1184 2918 rupem

188 2942 254 3018 ipse
284 2942 417 3018 pulsavit
446 2951 627 3017 antrumque
657 2941 806 3020 patefecit
836 2948 910 3000 auru
938 2940 1123 3018 completum
1154 2948 1185 2999 et

189 3050 324 3118 argenti),
348 3042 432 3119 quod
455 3051 473 3101 a
496 3042 664 3103 viaturibus
690 3051 811 3118 raptum
840 3040 975 3100 latrunes
998 3041 1030 3099 in
1055 3049 1092 3101 eu
1115 3041 1184 3100 locu

189 3141 379 3201 abdiderant.
425 3142 496 3216 Qus>
511 3151 578 3202 visu
594 3142 743 3201 attonitus
761 3149 829 3202 sese
852 3160 945 3218 quam
965 3140 1097 3200 maxim&
1120 3148 1184 3199 auri

188 3239 324 3318 pondere
340 3241 478 3300 oneravit
494 3242 680 3320 domumque
696 3242 794 3302 laetus
809 3242 909 3301 rediit.

255 3383 372 3437 caesum,
384 3371 453 3420 from
466 3373 544 3422 caedri.
591 3415 595 3420 .
779 3374 904 3439 regressi,
917 3373 957 3440 85,
972 3387 993 3439 5.

255 3453 352 3519 iverat,
364 3454 434 3503 from
445 3461 478 3503 cu.
779 3473 862 3510 ausus
874 3459 925 3524 est,
938 3457 1007 3506 from
1017 3458 1118 3506 audire.

256 3537 429 3602 aperi,32,5.
778 3542 924 3607 attonitus,
938 3541 977 3606 69,
990 3540 1024 3590 aa
1035 3541 1078 3592 fin.
