2684 3942
168 329 216 381 116
580 332 626 381 UL
634 332 747 381 VSSES.

169 499 294 576 quidem
309 500 484 560 hominibus
494 508 630 560 emoveri
645 511 759 577 posset.
805 502 893 575 Quae
906 522 974 560 cum
990 501 1033 560 ita
1048 512 1160 574 essent,

170 600 276 659 Ulixes
297 600 356 660 hec
379 600 497 660 destitit
518 609 631 660 conatu
652 610 682 660 et
703 602 742 659 ad
765 601 865 661 socies
881 601 990 673 rediit;
1014 611 1075 678 qui,
1092 622 1162 661 cum

168 700 390 760 intellexissent
415 709 477 777 que
503 701 532 758 in
564 702 633 760 loce
658 708 707 760 res
734 712 846 773 essent,
872 702 955 760 mille
978 709 1033 777 spe
1055 702 1161 761 salutis

169 801 282 872 oblete,
300 801 338 859 de
353 802 484 860 fortenis
503 810 566 860 suis
582 801 746 877 desperere
758 809 935 877 coeperunt.
981 802 1036 860 Ille
1049 812 1160 872 tamen,

170 908 208 959 ne
224 900 342 960 animes
358 901 562 972 demitterent,
580 901 778 960 vehementer
793 902 932 960 hortetus
951 912 1016 960 est:
1040 902 1162 961 demim-

169 1000 275 1058 strevit
291 1007 324 1059 se
340 1000 400 1058 iam
417 1009 508 1059 antee
524 1007 540 1059 e
556 1000 659 1059 multis
675 1011 707 1059 et
723 1009 841 1078 megnis
857 1002 1001 1076 periculis
1017 1001 1161 1072 evesisse,

170 1119 269 1176 neque
286 1100 412 1159 dubium
436 1119 504 1160 esse
521 1109 595 1177 quin
611 1101 642 1159 in
663 1108 751 1160 tante
766 1101 942 1161 discrimine
957 1101 1001 1159 dii
1018 1100 1162 1160 auxilium

170 1200 299 1258 adletirri
316 1210 429 1259 essent.

426 1380 490 1434 144.
530 1365 649 1420 APlan
667 1365 714 1420 for
732 1365 907 1436 Vengeanoe.

212 1491 289 1549 Ortei
315 1491 391 1561 luce,
416 1491 621 1569 Polyphemus
647 1491 707 1549 iam
731 1499 747 1551 e
774 1499 884 1551 somne
905 1491 1057 1551 excitatus
1083 1491 1163 1551 idem

171 1590 254 1666 quod
269 1592 414 1650 hesterne
430 1591 479 1650 die
494 1590 586 1662 lecit3
609 1600 757 1668 correptis
773 1591 854 1650 enim
870 1592 991 1650 duebus
1007 1598 1024 1650 e
1039 1590 1164 1667 reliquis

171 1691 252 1761 viris,
276 1709 398 1749 carnem
424 1698 530 1749 cerum
558 1690 624 1750 sine
654 1699 739 1750 more
768 1691 935 1750 devoravit.
980 1692 1068 1762 Tum,
1095 1709 1164 1749 cum

74 1827 78 1834 -
172 1810 279 1849 saxum
307 1789 483 1862 eminuisset,
510 1789 576 1866 ipse
602 1809 672 1850 cum
701 1810 812 1866 pecore
839 1798 896 1849 sue
921 1809 959 1848 ex
985 1797 1074 1850 antre
1099 1796 1166 1865 pre

171 1909 296 1967 gressus
311 1899 358 1948 est
374 1913 379 1948 :
403 1891 487 1966 quod
502 1908 571 1949 cum
586 1890 728 1949 viderent
743 1892 862 1961 Graeci,
874 1898 1016 1966 magnam
1031 1891 1062 1947 in
1079 1908 1165 1966 spem

173 1997 321 2048 venerunt
344 1997 378 2049 se
398 2000 469 2065 post
492 1990 616 2066 paulum
643 1997 799 2050 evesures
845 1991 920 2047 Mox
935 1999 1037 2048 tamen
1053 1990 1092 2048 ab
1107 1989 1165 2048 hec

173 2096 228 2166 spe
254 2090 369 2165 repulsi
398 2099 486 2148 sunt:
524 2108 594 2148 nam
621 2090 837 2167 Polyphemus,
867 2097 1031 2164 postquam
1059 2095 1166 2148 omnes

173 2196 247 2248 oves
271 2189 418 2260 exierunt,
436 2208 543 2248 saxum
567 2189 596 2247 in
623 2190 723 2248 locum
747 2189 889 2248 restituit.
935 2189 1059 2265 Reliqui
1084 2196 1167 2261 omni

174 2296 229 2366 spe
252 2288 358 2347 salutis
374 2288 516 2365 depositi
536 2289 679 2348 lementis
701 2289 896 2365 lacrimisque
917 2296 950 2348 se
965 2288 1166 2348 dediderunt:

174 2389 283 2448 Ulixes
312 2395 385 2447 vere
411 2398 472 2464 qui,
497 2399 531 2447 ut
559 2397 651 2464 supra
675 2388 972 2469 demenstrevimuS,·
989 2388 1034 2446 vir
1063 2395 1167 2464 megni

173 2482 232 2547 fui't
247 2487 364 2559 censili,
382 2497 439 2546 etsi
456 2490 536 2547 bene
553 2487 751 2565 intellegebat
771 2507 835 2547 rem
850 2488 881 2547 in
898 2487 1073 2548 discrimine
1089 2506 1166 2558 esse,

174 2588 312 2647 nendum
324 2595 450 2647 omnine
461 2588 656 2664 desperabat.
701 2587 841 2647 Tandem
857 2598 1021 2664 postquam
1037 2587 1090 2646 diu
1104 2593 1169 2645 tete

176 2688 278 2747 animo
301 2687 455 2765 cogitevit,
477 2688 536 2746 hec
557 2687 639 2763 cepit
659 2688 830 2747 censilium.
876 2676 1014 2765 Elignis
1037 2705 1116 2762 quae
1138 2686 1169 2743 in

176 2795 264 2847 antre
280 2788 415 2863 reposita
430 2797 510 2859 sunt,
523 2787 627 2863 pelum
639 2795 785 2863 magnum
797 2787 927 2864 delegit:
954 2787 1037 2845 hunc
1052 2793 1170 2845 summe

176 2907 245 2947 cum
255 2887 412 2964 diligentie
424 2896 623 2963 praeacutum
632 2885 723 2958 fecit3
741 2897 804 2946 tum
814 2897 978 2963 postquam
991 2886 1083 2945 sociis
1096 2884 1170 2961 quid

175 2989 241 3045 fieri
256 2987 348 3046 vellet
363 2986 508 3060 ostendit,
524 2987 656 3045 reditum
674 2987 852 3064 Polyphemi
867 2986 1075 3062 exspectabat.

461 3197 526 3256 145.
565 3185 592 3240 A
610 3185 697 3241 Glass
716 3185 773 3240 'loo
792 3184 891 3240 Much.

221 3311 284 3370 Sub
299 3328 462 3386 vesperum
481 3311 688 3389 Polyphemus
704 3311 744 3369 ad
765 3321 885 3370 antrum
905 3309 996 3369 rediit
1016 3318 1047 3369 et
1062 3309 1173 3368 eedem

178 3410 271 3468 mode
287 3417 349 3485 que
360 3418 451 3468 antee
466 3410 596 3469 cenevit.
642 3411 722 3468 Tum
739 3411 847 3469 Ulixes
863 3420 961 3469 utrem
976 3418 1039 3468 vini
1054 3416 1175 3486 premp

179 3509 228 3580 sit,
254 3528 346 3584 quem
367 3509 455 3580 ferte,
472 3518 505 3567 ut
527 3509 558 3566 in
581 3509 696 3568 telibus
719 3510 810 3569 rebus
837 3510 977 3568 accidere
1003 3509 1172 3581 consuevit,

179 3613 285 3667 secum
315 3607 466 3681 attulerat,
497 3618 529 3670 et
556 3617 722 3686 postquam
752 3618 894 3688 megnam
925 3617 1072 3672 creteram
1102 3616 1174 3672 vine
