2684 3942
519 295 596 345 THE
618 297 773 346 ARGONA
780 297 856 346 UTS.
1135 297 1182 350 103

186 485 242 544 per
256 463 390 524 medium
413 462 546 540 spatium
561 464 676 523 volevit
691 474 722 523 et
742 464 920 541 priusquam
932 471 1023 542 rupes
1039 467 1182 526 conflixe-

187 576 257 625 runt
272 563 433 624 incolumis
449 563 555 635 evasit,
572 563 671 622 cauda
691 574 811 623 tantum
827 573 951 625 amissa.
996 567 1076 624 Tum
1090 573 1181 642 rupes

187 665 339 741 utrimque
361 664 589 735 discesserunt;
617 673 784 739 antequam
805 675 910 723 tamen
932 675 1035 725 rursus
1057 684 1182 725 concur-

186 775 296 837 rerent,
308 767 505 841 Argonautae
516 765 597 823 bene
609 763 824 840 intellegentes
836 783 959 824 omnem
974 784 1061 842 spem
1074 766 1181 826 salutis

187 865 218 923 in
234 864 390 923 celeritate
413 863 546 940 positam
562 882 631 923 esse
654 872 773 922 summa
795 873 825 922 vi
846 871 938 924 remis
953 866 1181 925 contenderunt
1269 866 1272 871 ’

186 974 218 1023 et
232 973 342 1023 navem
357 963 541 1022 incolumem
557 963 772 1039 perduxerunt.
819 965 890 1023 Hbc
901 964 994 1036 facte,
1006 965 1054 1023 dis
1065 965 1180 1042 gratias

187 1064 319 1123 libenter
342 1069 478 1140 egerunt,
496 1069 625 1139 querum
648 1061 762 1121 auxilie
777 1069 794 1121 e
809 1070 898 1122 tante
922 1064 1059 1140 periculo
1083 1071 1180 1141 erepti

187 1174 308 1223 essent:
330 1164 411 1222 bene
427 1162 509 1222 enim
524 1163 664 1222 sciebant
683 1170 746 1221 nen
762 1162 828 1222 sine
844 1162 957 1224 auxilie
974 1164 1099 1223 deerum
1116 1183 1179 1223 rem

187 1262 230 1322 ita
244 1263 374 1323 feliciter
389 1262 539 1322 evenisse.
641 1260 646 1269 ’

504 1452 568 1510 124.
608 1438 636 1495 A
653 1439 757 1514 Heavy
775 1440 866 1496 Task.

230 1569 319 1627 Brevi
333 1567 513 1627 intermisse
524 1565 633 1643 spatie,
654 1571 853 1645 Argonautae
869 1568 911 1627 ad
926 1568 1039 1627 flumen
1056 1568 1180 1630 Phasim

186 1675 345 1741 venerunt,
359 1668 443 1744 quod
454 1667 485 1725 in
498 1667 614 1726 finibus
627 1668 812 1728 Colcherum
822 1679 896 1727 erat.
928 1669 977 1728 Ibi
989 1688 1058 1728 curn
1069 1678 1179 1730 nivem

187 1766 381 1843 appulissent
395 1775 426 1826 et
444 1766 602 1826 interram
624 1774 741 1844 egressi
763 1777 876 1849 essent,
894 1769 1000 1827 statim
1015 1770 1055 1828 ad
1076 1777 1180 1847 regern

187 1869 316 1926 Aeetem
340 1874 374 1925 se
398 1867 595 1926 contulerunt
618 1876 649 1926 et
673 1868 712 1926 ab
727 1875 766 1927 ed
781 1868 1015 1944 postulaverunt
1033 1879 1066 1927 ut
1082 1869 1179 1928 vellus

187 1985 312 2027 aureum
338 1965 397 2026 sibi
422 1968 602 2026 traderetur.
648 1967 704 2026 Ille
730 1987 799 2026 cum
826 1968 995 2027 audivisset
1021 1987 1112 2044 quam
1139 1970 1179 2028 ob

187 2085 311 2126 causam
335 2070 532 2144 Argonautae
555 2066 723 2139 venissent,
740 2076 784 2127 irai
808 2075 979 2127 commdtus
1003 2078 1051 2127 est
1074 2079 1105 2127 et
1128 2069 1180 2127 diu

187 2167 320 2244 negabat
335 2173 369 2226 se
380 2166 479 2225 vellus
494 2167 675 2226 traditurum
690 2186 768 2226 esse.
814 2168 954 2226 Tandem
969 2177 1082 2240 tamen,
1096 2168 1180 2244 quod

187 2266 305 2326 sciebat
328 2267 472 2326 Iasonem
494 2274 557 2325 nrin
579 2266 646 2325 sine
662 2266 775 2326 auxilie
790 2267 917 2326 dedrum
939 2266 999 2326 hec
1021 2266 1179 2344 negotium

187 2365 369 2443 suscepisse,
383 2373 500 2426 mutate
512 2366 667 2426 sententie
679 2366 819 2442 promisit
834 2373 867 2425 se
879 2366 976 2425 vellus
988 2367 1177 2438 traditurum,

187 2473 213 2524 si
237 2468 331 2526 lesen
356 2466 478 2525 labetes
501 2466 580 2526 dues
602 2466 798 2525 difficillimos
813 2466 897 2541 prius
921 2465 1118 2541 perfecisset3
1149 2478 1180 2525 et

186 2584 255 2625 cum
269 2568 360 2625 Iasen
373 2565 502 2624 dixisset
512 2572 545 2625 se
555 2567 595 2625 ad
610 2564 715 2625 omnia
724 2564 860 2642 pericula
870 2566 1031 2624 subeunda
1039 2574 1178 2642 paratum

186 2684 264 2737 esse,
282 2665 356 2742 quid
376 2666 442 2723 fieri
457 2665 556 2738 vellet,
574 2665 720 2724 ostendit.
766 2667 899 2723 Primum
924 2664 1072 2741 iungendi
1092 2676 1180 2724 erant

187 2765 249 2824 duo
270 2775 349 2823 tauri
371 2764 474 2841 specie
497 2758 643 2837 horribili,
661 2774 714 2841 qui
736 2764 876 2823 flammas
894 2783 932 2822 ex
954 2771 1005 2824 ere
1024 2765 1179 2836 edebant,

186 2873 259 2937 tum,
284 2866 332 2923 his
361 2864 482 2936 iunctiS,
511 2884 583 2941 ager
607 2865 732 2940 quidam
758 2865 893 2923 arandus
918 2874 984 2923 erat
1013 2875 1044 2923 et
1070 2865 1179 2923 dentes

186 2963 329 3023 dracenis
358 2964 489 3023 serendi.
550 2966 610 3022 His
640 2964 762 3034 auditis,
795 2965 898 3036 lesen,
926 2972 984 3022 etsi
1017 2982 1081 3022 rem
1110 2983 1179 3023 esse

187 3072 297 3122 summi
318 3063 445 3139 periculi
467 3062 676 3140 intellegebat,
693 3073 807 3134 tamen,
824 3069 863 3122 ne
885 3063 965 3122 hanc
983 3063 1178 3123 occesidnem

187 3172 230 3222 rei
244 3164 324 3223 bene
339 3164 493 3242 gerendae
508 3162 670 3235 emitteret,
687 3163 845 3239 negritium
861 3162 1004 3240 suscepit.

455 3356 518 3416 125.
558 3344 619 3400 The
639 3343 736 3414 Magic
755 3343 916 3400 Ointment.

147 3538 150 3544 ¹
229 3474 271 3531 At
287 3472 407 3542 Medea,
424 3470 504 3547 regis
524 3470 598 3542 filia,
616 3472 760 3529 Iasonem
775 3469 930 3529 adamavit
943 3479 974 3528 et
995 3469 1047 3528 ubi
1063 3467 1179 3527 audivit

188 3589 257 3630 eum
272 3579 391 3629 tantum
406 3571 574 3647 periculum
590 3569 760 3630 subiturum
777 3588 854 3641 esse,
867 3588 931 3627 rem
946 3575 1035 3645 aegre
1050 3567 1176 3626 ferebat.
