2684 3942
284 673 427 794 THE
472 700 625 793 new
669 700 1054 794 GRnDnTnl.

568 950 766 968 ——0-—-

495 1129 847 1179 PRONUNCIATION.

217 1306 248 1367 1.
607 1297 741 1360 Vowele

264 1419 359 1473 ilike
377 1419 433 1473 last
453 1437 472 1472 a
492 1419 521 1471 in
540 1419 615 1472 alea'.
772 1417 784 1471 i
815 1418 871 1472 like
896 1419 911 1471 i
934 1418 963 1470 in
976 1418 1042 1488 pin.

265 1509 285 1566 ἔ
323 1520 340 1545 “
378 1511 438 1564 first
456 1529 474 1563 a
494 1512 523 1563 in
541 1510 616 1564 ald.
772 1512 792 1564 δ
831 1519 848 1544 “
895 1510 963 1562 oin
981 1509 1055 1579 hely.

264 1604 282 1656 δ
324 1611 340 1637 “
378 1603 440 1655 ein
459 1601 531 1672 they.
772 1599 792 1656 ὅ
832 1612 847 1636 “
895 1602 962 1653 oin
982 1599 1109 1669 wholly}

265 1691 283 1748 ὅ
324 1703 340 1729 “
378 1695 440 1747 ein
460 1701 524 1747 met.
772 1694 793 1745 1‘1
833 1703 849 1727 “
880 1710 912 1745 oo
935 1693 964 1744 in
983 1692 1050 1744 boot.

265 1788 277 1853 i
324 1795 340 1821 ‘⁴
379 1787 392 1839 i
413 1787 441 1838 in
461 1785 599 1839 machine.
773 1782 810 1838 ii2
833 1795 849 1819 ‘⁶
881 1802 913 1838 oo
936 1785 965 1837 in
975 1786 1050 1854 feet.

219 1930 250 1990 2.
561 1929 781 2012 Diphtlzongs.

205 2023 292 2089 Μ
311 2036 367 2089 nie
389 2037 423 2088 az·
446 2036 474 2088 in
493 2035 573 2089 aisn.
722 2017 801 2100 eloe
820 2034 876 2088 ine
894 2035 925 2086 οι·
948 2035 976 2086 ln
996 2034 1058 2086 eon.

194 2110 197 2115 ⁵
255 2144 295 2180 au
332 2136 348 2163 “
390 2144 427 2179 ou
447 2127 476 2179 in
495 2143 556 2178 our.
763 2142 802 2178 eu
841 2135 857 2160 “
895 2143 930 2178 eu
949 2126 977 2177 in
989 2124 1074 2195 feud.

256 2222 285 2271 el
333 2228 349 2253 “
391 2219 419 2271 ei
449 2218 477 2270 in
496 2216 580 2288 eight.
763 2221 794 2269 ul
841 2227 857 2251 ‘⁶
896 2234 947 2270 we.

218 2370 251 2431 3.
570 2359 780 2425 Consonants.

219 2496 397 2548 Consonants
416 2493 558 2564 generally
579 2493 651 2547 have
669 2493 717 2547 the
734 2510 812 2547 same
827 2494 933 2547 sounds
948 2510 980 2546 as
996 2493 1025 2545 in
1044 2492 1171 2563 English.

173 2587 230 2640 But
250 2586 368 2640 observe
389 2585 436 2639 the
456 2584 664 2656 following:-

266 2727 284 2764 ο
306 2710 362 2764 like
381 2727 396 2763 c
414 2711 442 2762 in
461 2727 544 2764 come.
774 2709 866 2763 slike
890 2728 904 2762 s
934 2709 962 2761 in
981 2708 1058 2761 sun!

266 2819 284 2867 g
324 2811 340 2836 “
373 2801 444 2872 gin
459 2808 515 2872 get.
773 2808 788 2852 t
831 2811 847 2835 “
890 2807 904 2853 t
934 2800 963 2852 in
983 2799 1073 2853 time.⁵

265 2893 293 2945 1⁸
323 2902 338 2926 ‘⁴
370 2893 443 2962 yin
457 2899 515 2963 yet.
774 2910 795 2944 v
831 2901 847 2926 “
886 2910 915 2946 w
935 2892 963 2944 in
984 2892 1094 2945 wine'

528 2987 567 3037 oh
586 2983 643 3038 like
662 2986 682 3038 k
702 2984 730 3036 in
750 2985 816 3038 kite.

217 3143 228 3177 ¹
240 3145 310 3193 That
322 3145 352 3202 is,
366 3159 394 3194 as
407 3144 452 3193 the
462 3143 533 3192 word
545 3144 567 3193 is
580 3159 647 3193 com·
698 3143 819 3193 nouneed
830 3145 883 3193 like
892 3162 923 3203 w,
934 3143 986 3193 and
995 3143 1085 3209 joined
1098 3144 1125 3192 in
1137 3151 1175 3192 ut·

171 3221 261 3285 monly
280 3220 465 3284 pronounced;
493 3220 543 3287 the
562 3219 647 3270 sound
699 3229 803 3270 terance
812 3221 874 3269 with
887 3221 932 3270 the
941 3220 1081 3284 preceding
1089 3221 1173 3269 letter,

171 3297 254 3347 heard
265 3297 291 3345 in
304 3298 371 3360 hely,
384 3296 532 3346 shortened.
742 3297 932 3355 mononem,
947 3298 1003 3346 that
1015 3298 1045 3353 ie,
1055 3296 1146 3346 before
1158 3312 1174 3346 a

216 3373 227 3406 2
241 3374 272 3422 In
282 3390 325 3438 qu,
336 3373 387 3422 and
397 3374 453 3423 also
463 3374 613 3438 commonly
621 3374 647 3421 in
700 3375 783 3423 vowel
795 3375 821 3422 in
835 3375 879 3424 the
892 3389 963 3423 same
975 3373 1090 3439 syllable.

165 3468 204 3515 gu
223 3449 275 3499 and
290 3450 554 3508 subeforeavowel,
568 3451 619 3499 uis
633 3466 649 3498 a
743 3451 856 3500 *Never
867 3451 919 3499 like
930 3468 951 3499 z.

168 3527 330 3578 semi-vowel
346 3542 377 3576 or
391 3534 545 3585 consonant,
558 3527 580 3576 is
591 3542 648 3591 pro
744 3525 856 3578 ⁵Never
867 3526 920 3577 like
931 3527 970 3577 sle.
