2684 3942
566 330 807 379 ANECDOTES.
1149 327 1182 379 65

184 503 240 569 est,
258 496 298 556 ad
312 496 455 556 horreum
474 496 578 557 divitis
597 496 708 570 coloni,
725 505 778 575 qui
800 504 862 556 non
885 497 991 574 procul
1012 496 1181 569 habitabat,

184 604 277 655 noctu
289 595 427 657 accessit
466 598 529 656 Hic
540 607 704 674 postquam
716 603 838 657 umeros
850 603 962 674 magno
973 597 1038 656 feni
1047 596 1183 673 pondere

184 695 332 769 oneravit,
349 696 452 756 subito
475 715 549 756 suae
567 697 688 756 virtutis
711 715 827 756 mernor
848 697 995 774 pabulum
1017 697 1066 755 his
1081 697 1183 756 verbis

185 796 224 855 ad
240 805 351 856 terram
367 796 497 870 deiecit3
521 799 667 874 “Magna
689 807 737 856 est
756 797 902 874 probitas,
919 816 977 856 nec
999 796 1079 856 malo
1100 797 1182 857 furto

184 915 309 955 vaccam
320 905 441 956 servare
451 898 551 956 volo.'’
583 897 734 956 Postridie
746 898 883 970 colonus,
895 916 987 974 quem
1000 916 1056 956 nec
1067 898 1183 956 facturn

185 1015 243 1055 nec
257 998 352 1056 verba
368 997 449 1081 'Padi
468 997 651 1070 fefellerant,
669 997 784 1057 donum
808 997 847 1056 ad
869 1016 938 1057 eum
960 997 1043 1056 misit
1064 1005 1182 1057 tantum

184 1097 258 1169 feni,
275 1105 422 1172 quantum
443 1098 580 1176 plaustro
595 1098 666 1157 vehi
685 1107 813 1174 poterat,
830 1116 899 1157 cum
918 1097 1058 1174 epistula,
1075 1096 1107 1155 in
1122 1106 1183 1173 qua

185 1196 263 1255 haec
285 1206 399 1273 scripta
420 1208 524 1257 erant:
549 1199 693 1276 “Magna
713 1205 785 1257 vero
807 1208 854 1258 est
874 1197 1022 1274 probitas,
1039 1197 1182 1274 equidem

185 1306 289 1356 tamen
310 1306 395 1357 tuam
417 1317 542 1358 vaccam
566 1307 689 1358 servare
711 1298 812 1358 volo.''

252 1441 462 1506 praebebanbo,
475 1441 499 1491 6.
743 1439 910 1502 fefellerant,
923 1440 1074 1507 fromfallo.

252 1526 413 1589 torrebitur,
429 1524 465 1582 16,
479 1524 502 1573 6.
743 1525 818 1591 vehi,
827 1530 937 1589 portari.

253 1607 385 1673 probitas,
398 1607 431 1656 ef.
438 1608 542 1671 probus.
743 1606 978 1676 equidem,71,ad
989 1607 1033 1658 fin.

516 1855 564 1917 73·
605 1844 845 1901 seir-restraint.

229 1989 400 2048 Voluerunt
425 1988 498 2048 olim
523 1987 669 2048 animalia
694 2008 807 2048 novum
833 1997 936 2049 creare
961 1996 1073 2066 regem,
1100 1989 1184 2065 quod

187 2090 245 2162 leo,
268 2096 321 2165 qui
343 2095 471 2166 regnum
501 2096 592 2148 antea
621 2089 806 2161 obtinuerat,
829 2097 848 2148 a
873 2066 1019 2148 uenatore
1049 2089 1184 2166 quodam

187 2198 307 2249 occisus
323 2198 397 2248 erat.
442 2191 552 2264 Itaque
567 2196 652 2249 certo
670 2189 721 2249 die
744 2189 860 2261 simius,
877 2189 963 2248 cuius
985 2189 1054 2248 ioca
1075 2197 1185 2249 ceteris

188 2297 300 2366 magno
315 2307 408 2366 opere
423 2288 597 2366 placebant,
609 2289 764 2367 suffragiis
779 2289 915 2349 omniurn
930 2297 983 2349 rex
995 2299 1116 2349 creatus
1128 2299 1183 2349 est.

188 2389 304 2465 Volpes
320 2397 433 2462 tamen,
451 2399 500 2448 cui
516 2398 584 2449 simi
602 2408 683 2449 nova
704 2389 839 2467 dignitas
862 2389 987 2448 minime
1008 2398 1095 2467 grata
1116 2390 1183 2462 fuit,

187 2496 291 2566 regem
319 2492 501 2549 submovere
531 2489 701 2550 constituit.
758 2491 866 2549 “Veni
896 2491 1044 2563 mecum,’'
1075 2489 1184 2566 inquit,

189 2595 270 2648 “rex
295 2598 416 2668 migne,
441 2589 544 2649 inveni
573 2590 655 2649 enirn
682 2590 740 2650 sub
766 2599 893 2666 antiqua
918 2599 1032 2666 quereri
1057 2589 1185 2649 multum

187 2698 315 2766 argenti,
339 2689 423 2766 quod
451 2689 515 2749 inre
544 2697 650 2767 regum
680 2689 737 2748 tibi
765 2690 922 2767 proprium
952 2691 1029 2750 est.’'
1075 2689 1186 2749 Simius

188 2789 292 2849 statim
307 2790 397 2850 iussit
411 2809 479 2850 eam
495 2790 535 2850 ad
549 2791 650 2850 locum
666 2798 700 2849 se
715 2791 827 2849 ducere
842 2789 1011 2867 inciditque
1023 2790 1054 2849 in
1070 2791 1185 2868 plagas,

188 2890 384 2967 quasvolpes
406 2899 575 2967 paraverat.
620 2892 700 2949 Turn
723 2890 774 2948 illa
796 2909 864 2949 cum
887 2900 957 2964 risu,
976 2891 1073 2964 “Quo
1095 2890 1187 2950 modo

188 2999 221 3049 tsr
236 2991 356 3066 potes,”
372 2990 480 3066 inquit,
500 2989 604 3050 “alios
620 3009 734 3067 regere,
751 2999 803 3066 qui
825 2997 865 3049 ne
887 2998 916 3049 te
939 2991 1040 3067 ipsum
1063 2991 1187 3067 quidem

188 3109 294 3168 regere
309 3100 399 3167 potes
410 3093 421 3149 ἓ
432 3092 449 3118 ”

237 3241 351 3304 regnum
361 3240 527 3305 obtinuerat,
540 3245 700 3303 rigndverat.
814 3243 927 3306 mecum,
941 3241 980 3304 69,
994 3256 1016 3303 7.

238 3324 336 3387 mignb
348 3335 435 3387 opere,
449 3325 570 3372 maximi.
814 3324 922 3389 plagis,
936 3325 1051 3373 Insidias.

238 3406 404 3473 submovere,
415 3405 447 3454 cf.
460 3411 564 3464 amovet,
577 3418 615 3475 57,
625 3405 659 3455 ad
668 3405 711 3455 fin.
813 3408 967 3474 paraverat,
979 3408 1089 3473 ficerat.
