2684 3942
530 325 607 373 THE
630 314 867 373 Ausouaurs'.
1161 327 1196 378 99

198 492 336 565 vidisset,
351 491 451 551 Pelias
466 492 570 553 subito
582 492 691 553 timore
702 492 846 572 adiectus
858 501 923 565 est;
947 492 1097 552 intellexit
1111 494 1193 553 enim

6 588 7 593 '
106 604 109 609 “
199 594 281 652 hunc
310 612 380 652 esse
413 593 569 651 hominem
599 610 691 669 quem
720 592 877 652 eraculum
909 593 1221 652 demonstravisset!

200 694 272 753 Hbc
304 692 395 770 igitur
423 692 491 751 iniit
516 691 688 752 consilium.
735 694 802 751 Rex
824 700 901 751 erat
915 694 1040 769 quidam
1066 693 1192 754 nemine

199 796 321 865 Aeetes,
347 801 400 869 qui
428 798 555 869 regnum
585 792 744 852 Colchidis
773 792 826 850 illo
854 802 992 869 tempore
1022 793 1190 854 obtinebat.

200 894 284 951 Huic
306 901 504 951 commissum
527 902 593 951 erat
609 893 707 951 vellus
726 891 801 951 illud
818 911 941 951 aureum
958 892 1042 969 quod
1062 895 1191 954 Phrixus

197 992 270 1053 elim
293 992 336 1050 ibi
351 992 522 1068 reliquerat.
567 992 737 1052 Constituit
754 992 847 1068 igitur
862 992 964 1051 Pelias
980 996 1086 1052 Iesoni
1101 1002 1192 1072 nege

197 1092 273 1152 tium
297 1092 370 1151 dare
394 1101 428 1151 ut
450 1092 509 1177 hec
523 1092 635 1152 vellere
656 1099 824 1170 potiretur:
847 1111 915 1150 cum
939 1092 1021 1152 enim
1042 1100 1091 1152 res
1108 1105 1192 1154 esset

197 1177 460 1270 megni'periculi
478 1193 622 1269 sperebat
644 1211 715 1252 eum
737 1192 768 1250 in
791 1191 900 1252 itinere
921 1193 1088 1269 peritarum
1103 1211 1190 1254 esse:

200 1294 344 1351 Iasonem
359 1290 451 1369 igitur
466 1293 506 1350 ad
521 1299 554 1351 se
570 1292 729 1351 arcessivit
744 1302 774 1352 et
790 1291 866 1369 quid
880 1292 945 1351 fieri
960 1292 1052 1351 vellet
1067 1293 1190 1353 demen-

196 1390 312 1450 stravit.
358 1393 452 1450 Iason
474 1401 585 1464 autem,
617 1401 676 1451 etsi
698 1392 777 1450 bene
800 1390 999 1469 intellegebat
1027 1411 1092 1452 rem
1120 1412 1190 1453 esse

194 1489 413 1563 difficillimam,
430 1490 586 1567 negritium
602 1489 734 1549 libenter
748 1489 893 1566 suscepit.

321 1714 385 1775 117.
425 1703 486 1759 The
505 1703 645 1774 Building
663 1703 695 1758 oi
718 1706 769 1759 the
787 1703 863 1759 Good
882 1702 955 1773 sup
974 1703 1062 1775 Argo.

237 1848 315 1905 Cum
341 1855 444 1905 tamen
460 1845 586 1906 Colchis
610 1845 774 1906 multorum
790 1846 908 1906 dierum
931 1847 989 1907 iter
1009 1849 1049 1908 ab
1064 1856 1102 1908 ee
1119 1849 1188 1909 loco

194 1946 327 2019 abesset,
344 1946 443 2006 neluit
462 1949 555 2007 Iason
576 1947 661 2006 selus
679 1947 851 2023 proficisci:
873 1947 990 2007 dimisit
1007 1947 1099 2025 igitur
1113 1957 1188 2007 nim·

192 2044 253 2106 titis
268 2046 300 2105 in
315 2053 423 2106 omnes
438 2053 550 2124 partes,
564 2055 617 2123 qui
631 2065 757 2105 causam
771 2046 889 2105 itineris
904 2047 1051 2106 docerent
1063 2058 1094 2107 et
1105 2048 1187 2108 diem

192 2155 309 2205 certum
331 2146 537 2206 conveniendi
559 2147 706 2206 dicerent.
752 2150 883 2220 Interea
899 2157 1064 2224 postquam
1084 2148 1187 2208 omnia

193 2265 273 2322 quae
302 2256 374 2306 sunt
403 2256 471 2306 usui
495 2247 535 2306 ad
565 2246 729 2306 armandis
747 2254 853 2306 naves
877 2256 1062 2323 comportari
1087 2247 1184 2321 iussit,

193 2345 351 2423 negetium
377 2346 464 2405 dedit
493 2350 577 2423 Arge
601 2347 732 2418 cuidam,
764 2356 816 2423 qui
845 2365 995 2405 summam
1025 2346 1185 2406 scientiam

192 2451 290 2503 rerum
307 2445 497 2505 nauticarum
513 2447 656 2519 habebat,
674 2456 707 2506 ut
722 2455 832 2506 nevem
848 2447 1032 2506 aedificaret.
1084 2449 1121 2505 In
1137 2447 1186 2508 his

191 2546 284 2604 rebus
308 2545 428 2606 circiter
451 2547 558 2606 decem
583 2546 649 2606 dies
672 2554 847 2623 consumpti
869 2556 958 2606 sunt:
983 2549 1084 2623 Argus
1104 2548 1185 2607 enim

191 2653 244 2722 qui
268 2654 354 2722 operi
377 2656 516 2723 praeerat
539 2655 657 2704 tantam
682 2646 873 2722 diligentiam
897 2647 1074 2723 praebebat,
1096 2657 1129 2706 ut
1147 2654 1185 2706 ne

190 2754 373 2804 nocturnum
386 2745 510 2822 quidem
525 2758 647 2822 tempus
662 2746 703 2804 ad
718 2746 853 2805 laborem
869 2745 1090 2805 intermitteret.
1135 2748 1186 2807 Ad

190 2845 416 2905 multitudinem
438 2845 597 2904 hominum
617 2846 889 2922 transportandam
904 2845 992 2905 nevis
1012 2846 1105 2922 paule
1120 2857 1185 2905 erat

190 2945 280 3005 latior
294 2965 386 3022 quam
402 2945 514 3022 quibus
536 2945 567 3003 in
591 2953 698 3004 nostro
713 2955 789 3004 mari
808 2954 852 3004 riti
867 2947 1084 3004 consuevimus
1099 2956 1131 3005 et
1146 2946 1185 3005 ad

189 3045 251 3105 vim
266 3054 482 3122 tempestatum
499 3045 714 3121 perferendam
729 3052 796 3105 teta
811 3052 828 3104 e
844 3045 952 3105 robore
967 3047 1050 3104 facta
1065 3055 1120 3105 est.

429 3251 493 3307 118.
535 3252 596 3308 The
615 3252 730 3308 Anchor
749 3252 777 3307 is
796 3252 946 3324 Weighed.

232 3397 355 3455 Interea
384 3394 410 3454 is
440 3394 507 3454 dies
537 3395 704 3471 appetebat
734 3414 825 3470 quem
856 3397 949 3456 lesen
976 3415 1031 3471 per
1060 3395 1184 3455 nunties

188 3495 325 3555 edixerat
348 3504 379 3554 et
400 3513 438 3554 ex
459 3493 602 3553 omnibus
624 3493 802 3570 regienibus
821 3495 971 3554 Graeciae
993 3494 1088 3565 multi,
1106 3500 1184 3568 ques

188 3606 242 3656 aut
256 3604 300 3655 rei
318 3594 439 3655 novitas
459 3604 513 3654 aut
529 3601 602 3672 spes
616 3594 733 3672 gloriae
753 3596 906 3667 movebat,
923 3594 1060 3669 undique
1075 3611 1184 3652 conve-
