2684 3942
522 308 682 364 Aterno
687 307 762 362 res

392 532 439 604 84.
480 534 575 591 Dumb
594 524 890 591 show—continued

187 683 355 756 Postquam
371 679 479 738 eodem
495 678 587 738 moda
603 677 762 737 simulatas
782 677 879 755 dapes
902 670 941 736 ab
962 675 1022 738 ὄνὸ
1041 690 1139 754 usque

145 781 184 839 ad
204 779 285 840 mala
306 780 538 851 davoraverunt,
564 779 715 838 Admetus
738 778 798 836 iam
824 778 862 837 ab
889 786 973 837 omni
997 785 1052 855 spa
1077 777 1140 837 cibi

145 880 291 953 deiectus
311 886 328 913 “
340 876 450 951 Siste‚’'
467 876 574 955 inquit,
594 879 764 949 “laborem
782 877 857 936 satis
878 877 960 937 enim
983 877 1042 951 edi,
1062 876 1140 937 altra

144 999 201 1040 nec
216 998 342 1056 possum
357 998 415 1038 nec
430 979 529 1038 volo.’'
574 980 632 1038 Cui
648 977 798 1050 dominus,
817 984 835 1011 “
845 980 895 1049 At,
913 987 939 1036 si
955 985 1017 1037 non
1038 978 1139 1051 edere,

143 1086 226 1139 certe
255 1079 371 1156 aliquid
399 1079 505 1139 bibere
534 1079 654 1154 paese
711 1077 816 1151 simu,
849 1058 999 1155 “igne”
1029 1078 1137 1155 inquit,

146 1188 163 1215 “
173 1189 262 1253 servi,
280 1179 397 1239 adferte
413 1178 487 1237 mihi
510 1178 585 1237 illud
599 1187 713 1251 vinum,
731 1177 815 1255 quod
837 1178 916 1239 cado
938 1197 1014 1237 avus
1035 1188 1140 1237 noster

145 1280 277 1339 Plancus
303 1279 472 1339 condidit.''
517 1278 648 1352 Deinde,
676 1288 709 1338 ut
735 1286 834 1352 antea,
862 1287 1026 1355 postquam
1054 1287 1139 1338 visus

144 1390 210 1440 erat
218 1389 321 1439 vinum
335 1379 493 1439 effundere
509 1379 541 1437 in
556 1380 664 1438 fictum
680 1379 833 1456 paculum
847 1379 879 1437 id
891 1386 990 1438 amica
1002 1378 1137 1438 tradidit.

145 1481 208 1539 Hic
234 1490 336 1540 autem
361 1487 524 1556 personam
551 1479 643 1539 etiam
670 1479 779 1539 melius
805 1479 971 1552 sustinuit;
1008 1487 1139 1556 primum

144 1580 225 1640 enim
255 1580 295 1639 ad
323 1580 422 1638 lacem
451 1578 595 1656 paculum
624 1579 755 1651 sustulit,
783 1579 896 1640 deinde
920 1587 985 1638 vini
1013 1579 1139 1639 odarem

144 1679 269 1738 naribus
284 1679 427 1756 captavit,
441 1686 596 1756 postremo
612 1680 776 1739 absorbere
788 1689 872 1739 visus
884 1689 939 1739 est.
971 1681 1139 1755 Postquam

144 1780 268 1857 saepius
279 1789 382 1839 vinum
398 1780 526 1852 biberat,
539 1780 656 1839 ebrium
672 1780 829 1854 simulans,
847 1789 934 1839 crata
949 1789 979 1839 et
994 1779 1140 1839 bracchia

143 1879 257 1941 iactare
279 1879 408 1957 incipit;
442 1880 583 1957 danique,
607 1890 763 1957 tamquam
787 1888 870 1952 casa,
894 1889 987 1957 caput
1009 1880 1139 1957 hospitis

143 1980 240 2040 iocosi
256 1989 317 2040 ictu
332 1980 514 2058 gravissimo
529 1979 670 2057 pulsavit.
717 1981 795 2040 Inde
808 1980 944 2041 dumille
959 1981 1044 2039 humi
1059 1980 1140 2040 iacet

144 2081 276 2153 saucius
293 2082 344 2140 hie
358 2082 441 2140 foras
457 2088 525 2140 sesa
540 2080 659 2158 eripuit.

211 2214 294 2278 mala,
302 2220 388 2276 poma,
402 2228 424 2279 3,
439 2227 461 2279 5.
733 2214 856 2280 sustulit,
869 2214 938 2263 from
950 2215 1017 2263 tolla.

210 2297 340 2362 deiectus,
354 2310 393 2360 79,
408 2311 429 2362 5.
733 2298 851 2363 sancius,
864 2300 1019 2346 volneratus.

209 2381 287 2431 visus
298 2383 365 2446 etat,
377 2381 446 2429 from
458 2382 551 2430 videor.
734 2384 763 2432 εδ
774 2382 885 2447 eripuit,
892 2382 974 2446 fagit.

455 2588 502 2662 85.
542 2590 569 2645 r
587 2590 666 2646 narr
685 2591 823 2662 nugata.

186 2726 329 2805 Agricola
343 2727 477 2804 quidam,
494 2726 540 2786 vir
555 2727 641 2788 dives
656 2737 748 2804 atque
763 2728 849 2795 idem
861 2737 980 2802 avarus
996 2729 1069 2788 dum
1085 2749 1146 2807 per

144 2835 233 2905 agros
249 2837 336 2900 errat,
354 2835 429 2904 opes
445 2826 630 2904 divitiasque
651 2835 758 2894 secura
779 2828 1004 2889 cansiderabat.
1051 2831 1144 2908 Sege-

142 2935 189 2986 tes
213 2927 338 3003 quidem
361 2928 470 3000 aristis,
487 2935 588 3005 pomis
610 2929 741 2997 arbmes,
757 2937 900 2989 oneratae
923 2939 1002 3002 sunt,
1019 2931 1145 2989 stabula

143 3035 245 3086 autem
255 3027 355 3088 babus
365 3028 531 3105 pinguibus
546 3029 750 3105 iumentisque
761 3029 970 3089 abundabant.
1003 3031 1048 3090 Ex
1059 3039 1147 3108 agris

143 3126 267 3185 domum
291 3146 458 3204 regressus,
485 3138 649 3205 postquam
676 3129 770 3188 aedas
795 3129 928 3201 intravit,
952 3148 1063 3203 arcam,
1087 3131 1146 3189 ubi..

142 3236 259 3284 nummi
271 3226 387 3285 conditi
400 3236 479 3299 sunt,
491 3227 590 3289 avidis
602 3229 700 3287 oculis
712 3229 985 3306 contemplabatur.
1030 3230 1147 3290 Subito

142 3332 250 3385 vacem
277 3325 393 3383 audivit
422 3325 573 3397 dicentis:
609 3331 720 3386 “Num
751 3337 825 3389 auro
854 3329 1030 3406 divitiisque
1058 3330 1146 3390 bene.

143 3433 217 3481 usus
246 3426 304 3497 es?
336 3424 532 3501 Umquamne
561 3436 712 3504 pauperes
738 3437 914 3506 egenasque
945 3430 1144 3490 curavisti?”

143 3522 217 3611 Qua
242 3529 324 3593 voce
348 3524 497 3587 attonitus
527 3526 599 3589 dum
629 3537 723 3588 vitam
758 3530 954 3608 praeteritam
990 3538 1141 3606 recenset,
