<?xml version="1.0" encoding="UTF-8"?>
<!DOCTYPE html PUBLIC "-//W3C//DTD XHTML 1.0 Transitional//EN"
    "http://www.w3.org/TR/xhtml1/DTD/xhtml1-transitional.dtd">
<html xmlns="http://www.w3.org/1999/xhtml" xml:lang="en" lang="en">
 <head>
  <title>
</title>
<meta http-equiv="Content-Type" content="text/html;charset=utf-8" />
  <meta name='ocr-system' content='tesseract 3.04.00' />
  <meta name='ocr-capabilities' content='ocr_page ocr_carea ocr_par ocr_line ocrx_word'/>
</head>
<body>
  <div class='ocr_page' id='page_1' title='image "./newgradatimarev02collgoog_0125.png"; bbox 0 0 2684 3942; ppageno 0'>
   <div class='ocr_carea' id='block_1_1' title="bbox 529 269 867 319">
    <p class='ocr_par' dir='ltr' id='par_1_1' title="bbox 529 269 867 319">
     <span class='ocr_line' id='line_1_1' title="bbox 529 269 867 319; baseline -0.003 -1"><span class='ocrx_word' id='word_1_1' title='bbox 529 269 606 318; x_wconf 82' lang='lat' dir='ltr'>THE</span> <span class='ocrx_word' id='word_1_2' title='bbox 629 269 785 318; x_wconf 80' lang='lat' dir='ltr'><em>ARGONA</em></span> <span class='ocrx_word' id='word_1_3' title='bbox 792 269 867 319; x_wconf 85' lang='lat' dir='ltr'><em>UTS.</em></span> 
     </span>
    </p>
   </div>
   <div class='ocr_carea' id='block_1_2' title="bbox 505 519 882 592">
    <p class='ocr_par' dir='ltr' id='par_1_2' title="bbox 505 519 882 592">
     <span class='ocr_line' id='line_1_2' title="bbox 505 519 882 592; baseline 0.003 -19"><span class='ocrx_word' id='word_1_4' title='bbox 505 531 569 592; x_wconf 87' lang='lat'><strong>1²7·</strong></span> <span class='ocrx_word' id='word_1_5' title='bbox 609 519 636 574; x_wconf 79' lang='lat' dir='ltr'>A</span> <span class='ocrx_word' id='word_1_6' title='bbox 656 519 781 590; x_wconf 81' lang='lat' dir='ltr'>strange</span> <span class='ocrx_word' id='word_1_7' title='bbox 799 520 882 589; x_wconf 83' lang='lat' dir='ltr'>crop.</span> 
     </span>
    </p>
   </div>
   <div class='ocr_carea' id='block_1_3' title="bbox 190 663 1192 1936">
    <p class='ocr_par' dir='ltr' id='par_1_3' title="bbox 190 663 1192 1936">
     <span class='ocr_line' id='line_1_3' title="bbox 238 663 1192 740; baseline 0.002 -18"><span class='ocrx_word' id='word_1_8' title='bbox 238 663 384 723; x_wconf 78' lang='lat' dir='ltr'>Nrindum</span> <span class='ocrx_word' id='word_1_9' title='bbox 404 673 507 722; x_wconf 89' lang='lat' dir='ltr'>tamen</span> <span class='ocrx_word' id='word_1_10' title='bbox 529 666 620 722; x_wconf 74' lang='lat' dir='ltr'>lasdn</span> <span class='ocrx_word' id='word_1_11' title='bbox 638 671 737 722; x_wconf 73' lang='lat' dir='ltr'>tutum</span> <span class='ocrx_word' id='word_1_12' title='bbox 752 682 830 739; x_wconf 88' lang='lat' dir='ltr'>opus</span> <span class='ocrx_word' id='word_1_13' title='bbox 846 664 1041 723; x_wconf 68' lang='lat' dir='ltr'>confecerat:</span> <span class='ocrx_word' id='word_1_14' title='bbox 1066 664 1192 740; x_wconf 72' lang='lat' dir='ltr'>impera-</span> 
     </span>
     <span class='ocr_line' id='line_1_4' title="bbox 194 763 1191 839; baseline 0.002 -18"><span class='ocrx_word' id='word_1_15' title='bbox 194 772 279 821; x_wconf 91' lang='lat' dir='ltr'>verat</span> <span class='ocrx_word' id='word_1_16' title='bbox 305 763 386 821; x_wconf 93' lang='lat' dir='ltr'>enim</span> <span class='ocrx_word' id='word_1_17' title='bbox 412 772 440 822; x_wconf 88' lang='lat' dir='ltr'>ei</span> <span class='ocrx_word' id='word_1_18' title='bbox 467 765 581 822; x_wconf 77' lang='lat' dir='ltr'>Aeetes</span> <span class='ocrx_word' id='word_1_19' title='bbox 608 772 641 821; x_wconf 92' lang='lat' dir='ltr'>ut</span> <span class='ocrx_word' id='word_1_20' title='bbox 667 770 802 822; x_wconf 67' lang='lat' dir='ltr'>armatas</span> <span class='ocrx_word' id='word_1_21' title='bbox 828 763 909 822; x_wconf 73' lang='lat' dir='ltr'>viriis</span> <span class='ocrx_word' id='word_1_22' title='bbox 933 772 986 839; x_wconf 93' lang='lat' dir='ltr'>qui</span> <span class='ocrx_word' id='word_1_23' title='bbox 1006 771 1022 822; x_wconf 76' lang='grc' dir='ltr'>Ε</span> <span class='ocrx_word' id='word_1_24' title='bbox 1045 763 1191 823; x_wconf 86' lang='lat' dir='ltr'><strong>dentibus</strong></span> 
     </span>
     <span class='ocr_line' id='line_1_5' title="bbox 193 862 1190 940; baseline 0.002 -20"><span class='ocrx_word' id='word_1_25' title='bbox 193 872 391 940; x_wconf 83' lang='lat' dir='ltr'>gignerentur</span> <span class='ocrx_word' id='word_1_26' title='bbox 420 862 503 921; x_wconf 80' lang='lat' dir='ltr'>sblus</span> <span class='ocrx_word' id='word_1_27' title='bbox 530 863 723 921; x_wconf 85' lang='lat' dir='ltr'>interficeret.</span> <span class='ocrx_word' id='word_1_28' title='bbox 770 865 936 937; x_wconf 85' lang='lat' dir='ltr'>Postquam</span> <span class='ocrx_word' id='word_1_29' title='bbox 962 863 1054 939; x_wconf 89' lang='lat' dir='ltr'>igitur</span> <span class='ocrx_word' id='word_1_30' title='bbox 1083 871 1190 922; x_wconf 75' lang='lat' dir='ltr'>omnes</span> 
     </span>
     <span class='ocr_line' id='line_1_6' title="bbox 193 962 1190 1039; baseline 0.001 -18"><span class='ocrx_word' id='word_1_31' title='bbox 193 963 302 1022; x_wconf 77' lang='lat' dir='ltr'>dentes</span> <span class='ocrx_word' id='word_1_32' title='bbox 328 963 359 1020; x_wconf 93' lang='lat' dir='ltr'>in</span> <span class='ocrx_word' id='word_1_33' title='bbox 386 981 491 1039; x_wconf 86' lang='lat' dir='ltr'>agrum</span> <span class='ocrx_word' id='word_1_34' title='bbox 518 962 639 1037; x_wconf 76' lang='lat' dir='ltr'>sparsit,</span> <span class='ocrx_word' id='word_1_35' title='bbox 668 964 762 1021; x_wconf 76' lang='lat' dir='ltr'>Iasrin</span> <span class='ocrx_word' id='word_1_36' title='bbox 789 962 969 1021; x_wconf 79' lang='lat' dir='ltr'>lassitudine</span> <span class='ocrx_word' id='word_1_37' title='bbox 999 963 1190 1023; x_wconf 73' lang='lat' dir='ltr'>exanimatus</span> 
     </span>
     <span class='ocr_line' id='line_1_7' title="bbox 193 1061 1189 1143; baseline 0.004 -24"><span class='ocrx_word' id='word_1_38' title='bbox 193 1062 301 1143; x_wconf 77' lang='lat' dir='ltr'>quieti</span> <span class='ocrx_word' id='word_1_39' title='bbox 318 1069 351 1120; x_wconf 76' lang='lat' dir='ltr'>se</span> <span class='ocrx_word' id='word_1_40' title='bbox 380 1062 514 1134; x_wconf 78' lang='lat' dir='ltr'>tradidit,</span> <span class='ocrx_word' id='word_1_41' title='bbox 543 1062 615 1120; x_wconf 94' lang='lat' dir='ltr'>dum</span> <span class='ocrx_word' id='word_1_42' title='bbox 641 1061 698 1120; x_wconf 87' lang='lat' dir='ltr'>viri</span> <span class='ocrx_word' id='word_1_43' title='bbox 727 1062 778 1120; x_wconf 90' lang='lat' dir='ltr'>isti</span> <span class='ocrx_word' id='word_1_44' title='bbox 806 1072 1012 1139; x_wconf 85' lang='lat' dir='ltr'><strong>gignerentur.</strong></span> <span class='ocrx_word' id='word_1_45' title='bbox 1072 1065 1189 1123; x_wconf 73' lang='lat' dir='ltr'>Paucas</span> 
     </span>
     <span class='ocr_line' id='line_1_8' title="bbox 192 1162 1189 1237; baseline 0.003 -17"><span class='ocrx_word' id='word_1_46' title='bbox 192 1163 283 1221; x_wconf 78' lang='lat' dir='ltr'>hdrais</span> <span class='ocrx_word' id='word_1_47' title='bbox 306 1162 495 1234; x_wconf 79' lang='lat' dir='ltr'>dormiebat3</span> <span class='ocrx_word' id='word_1_48' title='bbox 523 1162 580 1221; x_wconf 94' lang='lat' dir='ltr'>sub</span> <span class='ocrx_word' id='word_1_49' title='bbox 603 1181 766 1237; x_wconf 88' lang='lat' dir='ltr'>vesperum</span> <span class='ocrx_word' id='word_1_50' title='bbox 789 1171 892 1221; x_wconf 84' lang='lat' dir='ltr'>tamen</span> <span class='ocrx_word' id='word_1_51' title='bbox 916 1169 932 1220; x_wconf 79' lang='grc' dir='ltr'>ἐ</span> <span class='ocrx_word' id='word_1_52' title='bbox 955 1170 1063 1221; x_wconf 71' lang='lat' dir='ltr'>somni&gt;</span> <span class='ocrx_word' id='word_1_53' title='bbox 1086 1163 1189 1223; x_wconf 71' lang='lat' dir='ltr'>subiti&gt;</span> 
     </span>
     <span class='ocr_line' id='line_1_9' title="bbox 192 1242 1187 1339; baseline 0.001 -18"><span class='ocrx_word' id='word_1_54' title='bbox 192 1262 343 1321; x_wconf 72' lang='lat' dir='ltr'>excitatus</span> <span class='ocrx_word' id='word_1_55' title='bbox 365 1281 429 1320; x_wconf 89' lang='lat' dir='ltr'>rem</span> <span class='ocrx_word' id='word_1_56' title='bbox 452 1262 494 1320; x_wconf 89' lang='lat' dir='ltr'>ita</span> <span class='ocrx_word' id='word_1_57' title='bbox 509 1262 657 1334; x_wconf 72' lang='lat' dir='ltr'>evenisse,</span> <span class='ocrx_word' id='word_1_58' title='bbox 676 1272 710 1320; x_wconf 91' lang='lat' dir='ltr'>ut</span> <span class='ocrx_word' id='word_1_59' title='bbox 729 1261 920 1337; x_wconf 91' lang='lat' dir='ltr'>praedictum</span> <span class='ocrx_word' id='word_1_60' title='bbox 935 1272 1009 1334; x_wconf 86' lang='lat' dir='ltr'>erat,</span> <span class='ocrx_word' id='word_1_61' title='bbox 1025 1242 1187 1339; x_wconf 74' lang='lat' dir='ltr'>crignriuit:</span> 
     </span>
     <span class='ocr_line' id='line_1_10' title="bbox 192 1361 1188 1439; baseline 0.003 -20"><span class='ocrx_word' id='word_1_62' title='bbox 192 1380 263 1419; x_wconf 89' lang='lat' dir='ltr'>nam</span> <span class='ocrx_word' id='word_1_63' title='bbox 286 1362 318 1420; x_wconf 90' lang='lat' dir='ltr'>in</span> <span class='ocrx_word' id='word_1_64' title='bbox 342 1361 485 1421; x_wconf 91' lang='lat' dir='ltr'>omnibus</span> <span class='ocrx_word' id='word_1_65' title='bbox 510 1371 575 1438; x_wconf 89' lang='lat' dir='ltr'>agri</span> <span class='ocrx_word' id='word_1_66' title='bbox 598 1362 737 1437; x_wconf 90' lang='lat' dir='ltr'>partibus</span> <span class='ocrx_word' id='word_1_67' title='bbox 760 1361 815 1420; x_wconf 90' lang='lat' dir='ltr'>viri</span> <span class='ocrx_word' id='word_1_68' title='bbox 838 1361 954 1438; x_wconf 86' lang='lat' dir='ltr'><strong>ingenti</strong></span> <span class='ocrx_word' id='word_1_69' title='bbox 977 1361 1188 1439; x_wconf 77' lang='lat' dir='ltr'>magnitudine</span> 
     </span>
     <span class='ocr_line' id='line_1_11' title="bbox 191 1461 1188 1538; baseline 0.001 -18"><span class='ocrx_word' id='word_1_70' title='bbox 191 1462 336 1538; x_wconf 86' lang='lat' dir='ltr'>corporis,</span> <span class='ocrx_word' id='word_1_71' title='bbox 362 1461 474 1538; x_wconf 87' lang='lat' dir='ltr'>gladiis</span> <span class='ocrx_word' id='word_1_72' title='bbox 496 1461 654 1537; x_wconf 84' lang='lat' dir='ltr'>galeisque</span> <span class='ocrx_word' id='word_1_73' title='bbox 682 1470 799 1533; x_wconf 76' lang='lat' dir='ltr'>armati,</span> <span class='ocrx_word' id='word_1_74' title='bbox 826 1470 936 1519; x_wconf 92' lang='lat' dir='ltr'>mirum</span> <span class='ocrx_word' id='word_1_75' title='bbox 962 1461 993 1519; x_wconf 93' lang='lat' dir='ltr'>in</span> <span class='ocrx_word' id='word_1_76' title='bbox 1019 1462 1144 1520; x_wconf 92' lang='lat' dir='ltr'>modum</span> <span class='ocrx_word' id='word_1_77' title='bbox 1170 1469 1188 1521; x_wconf 77' lang='lat' dir='ltr'>e</span> 
     </span>
     <span class='ocr_line' id='line_1_12' title="bbox 190 1560 1188 1638; baseline 0 -18"><span class='ocrx_word' id='word_1_78' title='bbox 190 1569 271 1620; x_wconf 77' lang='lat' dir='ltr'>terrai</span> <span class='ocrx_word' id='word_1_79' title='bbox 294 1560 480 1620; x_wconf 77' lang='lat' dir='ltr'>oriebantur.</span> <span class='ocrx_word' id='word_1_80' title='bbox 538 1563 609 1621; x_wconf 75' lang='lat' dir='ltr'>Hbc</span> <span class='ocrx_word' id='word_1_81' title='bbox 635 1561 761 1638; x_wconf 76' lang='lat' dir='ltr'>cdgnitri</span> <span class='ocrx_word' id='word_1_82' title='bbox 788 1563 883 1620; x_wconf 78' lang='lat' dir='ltr'>Iaisrin</span> <span class='ocrx_word' id='word_1_83' title='bbox 912 1561 1074 1620; x_wconf 78' lang='lat' dir='ltr'>crinsilium</span> <span class='ocrx_word' id='word_1_84' title='bbox 1105 1561 1188 1637; x_wconf 90' lang='lat' dir='ltr'>quod</span> 
     </span>
     <span class='ocr_line' id='line_1_13' title="bbox 191 1661 1187 1737; baseline -0.001 -17"><span class='ocrx_word' id='word_1_85' title='bbox 191 1661 318 1720; x_wconf 84' lang='lat' dir='ltr'>dederat</span> <span class='ocrx_word' id='word_1_86' title='bbox 342 1662 456 1721; x_wconf 72' lang='lat' dir='ltr'>Medea</span> <span class='ocrx_word' id='word_1_87' title='bbox 480 1668 544 1720; x_wconf 73' lang='lat' dir='ltr'>nun</span> <span class='ocrx_word' id='word_1_88' title='bbox 568 1661 770 1720; x_wconf 88' lang='lat' dir='ltr'>omittendum</span> <span class='ocrx_word' id='word_1_89' title='bbox 799 1679 868 1720; x_wconf 88' lang='lat' dir='ltr'>esse</span> <span class='ocrx_word' id='word_1_90' title='bbox 897 1662 1042 1737; x_wconf 72' lang='lat' dir='ltr'>putibat3</span> <span class='ocrx_word' id='word_1_91' title='bbox 1080 1681 1187 1719; x_wconf 83' lang='lat' dir='ltr'>saxum</span> 
     </span>
     <span class='ocr_line' id='line_1_14' title="bbox 190 1760 1187 1839; baseline 0.002 -21"><span class='ocrx_word' id='word_1_92' title='bbox 190 1760 281 1838; x_wconf 87' lang='lat' dir='ltr'>igitur</span> <span class='ocrx_word' id='word_1_93' title='bbox 296 1761 414 1839; x_wconf 76' lang='lat' dir='ltr'>ingens,</span> <span class='ocrx_word' id='word_1_94' title='bbox 428 1761 471 1819; x_wconf 85' lang='lat' dir='ltr'>ita</span> <span class='ocrx_word' id='word_1_95' title='bbox 483 1760 564 1820; x_wconf 92' lang='lat' dir='ltr'>enim</span> <span class='ocrx_word' id='word_1_96' title='bbox 580 1768 779 1838; x_wconf 79' lang='lat' dir='ltr'>praeceperat</span> <span class='ocrx_word' id='word_1_97' title='bbox 796 1761 916 1832; x_wconf 78' lang='lat' dir='ltr'>Medea,</span> <span class='ocrx_word' id='word_1_98' title='bbox 931 1761 962 1818; x_wconf 94' lang='lat' dir='ltr'>in</span> <span class='ocrx_word' id='word_1_99' title='bbox 974 1761 1093 1819; x_wconf 72' lang='lat' dir='ltr'>mediiis</span> <span class='ocrx_word' id='word_1_100' title='bbox 1105 1761 1187 1820; x_wconf 74' lang='lat' dir='ltr'>viriis</span> 
     </span>
     <span class='ocr_line' id='line_1_15' title="bbox 190 1860 1187 1936; baseline 0 -17"><span class='ocrx_word' id='word_1_101' title='bbox 190 1860 330 1920; x_wconf 78' lang='lat' dir='ltr'>cdniecit.</span> <span class='ocrx_word' id='word_1_102' title='bbox 376 1861 425 1918; x_wconf 94' lang='lat' dir='ltr'>llli</span> <span class='ocrx_word' id='word_1_103' title='bbox 449 1860 586 1936; x_wconf 89' lang='lat' dir='ltr'>undique</span> <span class='ocrx_word' id='word_1_104' title='bbox 616 1860 656 1919; x_wconf 90' lang='lat' dir='ltr'>ad</span> <span class='ocrx_word' id='word_1_105' title='bbox 686 1861 786 1920; x_wconf 87' lang='lat' dir='ltr'>locum</span> <span class='ocrx_word' id='word_1_106' title='bbox 815 1867 1034 1919; x_wconf 78' lang='lat' dir='ltr'>concurrerunt</span> <span class='ocrx_word' id='word_1_107' title='bbox 1062 1871 1093 1919; x_wconf 93' lang='lat' dir='ltr'>et</span> <span class='ocrx_word' id='word_1_108' title='bbox 1117 1880 1187 1920; x_wconf 92' lang='lat' dir='ltr'>cum</span> 
     </span>
    </p>
   </div>
   <div class='ocr_carea' id='block_1_4' title="bbox 188 1959 1187 2419">
    <p class='ocr_par' dir='ltr' id='par_1_4' title="bbox 188 1959 1187 2419">
     <span class='ocr_line' id='line_1_16' title="bbox 190 1959 1187 2038; baseline 0 -20"><span class='ocrx_word' id='word_1_109' title='bbox 190 1959 320 2037; x_wconf 87' lang='lat' dir='ltr'>quisque</span> <span class='ocrx_word' id='word_1_110' title='bbox 343 1960 402 2019; x_wconf 89' lang='lat' dir='ltr'>sibi</span> <span class='ocrx_word' id='word_1_111' title='bbox 425 1960 457 2019; x_wconf 95' lang='lat' dir='ltr'>id</span> <span class='ocrx_word' id='word_1_112' title='bbox 480 1978 595 2033; x_wconf 84' lang='lat' dir='ltr'>saxum,</span> <span class='ocrx_word' id='word_1_113' title='bbox 613 1960 718 2019; x_wconf 75' lang='lat' dir='ltr'>nesciri</span> <span class='ocrx_word' id='word_1_114' title='bbox 740 1969 801 2031; x_wconf 79' lang='lat' dir='ltr'>cur,</span> <span class='ocrx_word' id='word_1_115' title='bbox 818 1960 931 2018; x_wconf 76' lang='lat' dir='ltr'>babere</span> <span class='ocrx_word' id='word_1_116' title='bbox 954 1959 1053 2032; x_wconf 88' lang='lat' dir='ltr'>vellet,</span> <span class='ocrx_word' id='word_1_117' title='bbox 1075 1968 1187 2038; x_wconf 73' lang='lat' dir='ltr'>magna</span> 
     </span>
     <span class='ocr_line' id='line_1_17' title="bbox 190 2059 1187 2137; baseline 0.001 -19"><span class='ocrx_word' id='word_1_118' title='bbox 190 2059 398 2134; x_wconf 75' lang='lat' dir='ltr'>contrbversia</span> <span class='ocrx_word' id='word_1_119' title='bbox 420 2069 487 2120; x_wconf 90' lang='lat' dir='ltr'>orta</span> <span class='ocrx_word' id='word_1_120' title='bbox 509 2070 564 2120; x_wconf 90' lang='lat' dir='ltr'>est.</span> <span class='ocrx_word' id='word_1_121' title='bbox 611 2062 686 2119; x_wconf 89' lang='lat' dir='ltr'>Mox</span> <span class='ocrx_word' id='word_1_122' title='bbox 709 2059 823 2119; x_wconf 90' lang='lat' dir='ltr'>strictis</span> <span class='ocrx_word' id='word_1_123' title='bbox 837 2060 948 2137; x_wconf 84' lang='lat' dir='ltr'>gladiis</span> <span class='ocrx_word' id='word_1_124' title='bbox 971 2059 1049 2120; x_wconf 89' lang='lat' dir='ltr'>inter</span> <span class='ocrx_word' id='word_1_125' title='bbox 1066 2067 1099 2119; x_wconf 80' lang='lat' dir='ltr'>se</span> <span class='ocrx_word' id='word_1_126' title='bbox 1115 2070 1187 2137; x_wconf 84' lang='lat' dir='ltr'>pirg-</span> 
     </span>
     <span class='ocr_line' id='line_1_18' title="bbox 189 2159 1184 2236; baseline 0.001 -19"><span class='ocrx_word' id='word_1_127' title='bbox 189 2168 263 2219; x_wconf 80' lang='lat' dir='ltr'>naire</span> <span class='ocrx_word' id='word_1_128' title='bbox 282 2167 450 2236; x_wconf 83' lang='lat' dir='ltr'>coeperunt</span> <span class='ocrx_word' id='word_1_129' title='bbox 473 2169 595 2219; x_wconf 91' lang='lat' dir='ltr'>etcum</span> <span class='ocrx_word' id='word_1_130' title='bbox 617 2161 677 2219; x_wconf 77' lang='lat' dir='ltr'>hbe</span> <span class='ocrx_word' id='word_1_131' title='bbox 698 2159 790 2219; x_wconf 72' lang='lat' dir='ltr'>modii</span> <span class='ocrx_word' id='word_1_132' title='bbox 811 2159 933 2236; x_wconf 75' lang='lat' dir='ltr'>plurimi</span> <span class='ocrx_word' id='word_1_133' title='bbox 954 2167 1049 2218; x_wconf 89' lang='lat' dir='ltr'>occisi</span> <span class='ocrx_word' id='word_1_134' title='bbox 1071 2168 1184 2232; x_wconf 87' lang='lat' dir='ltr'>essent,</span> 
     </span>
     <span class='ocr_line' id='line_1_19' title="bbox 189 2258 1186 2336; baseline 0.001 -19"><span class='ocrx_word' id='word_1_135' title='bbox 189 2259 298 2336; x_wconf 86' lang='lat' dir='ltr'>reliqui</span> <span class='ocrx_word' id='word_1_136' title='bbox 312 2259 490 2320; x_wconf 83' lang='lat' dir='ltr'>volneribus</span> <span class='ocrx_word' id='word_1_137' title='bbox 512 2260 647 2319; x_wconf 75' lang='lat' dir='ltr'>cbnfecti</span> <span class='ocrx_word' id='word_1_138' title='bbox 669 2268 688 2319; x_wconf 72' lang='lat' dir='ltr'>a</span> <span class='ocrx_word' id='word_1_139' title='bbox 708 2261 821 2318; x_wconf 73' lang='lat' dir='ltr'>Iasone</span> <span class='ocrx_word' id='word_1_140' title='bbox 843 2260 928 2319; x_wconf 80' lang='lat' dir='ltr'>nirllri</span> <span class='ocrx_word' id='word_1_141' title='bbox 950 2258 1075 2336; x_wconf 70' lang='lat' dir='ltr'>negritia</span> <span class='ocrx_word' id='word_1_142' title='bbox 1097 2259 1186 2320; x_wconf 93' lang='lat' dir='ltr'>inter-</span> 
     </span>
     <span class='ocr_line' id='line_1_20' title="bbox 188 2359 358 2419; baseline 0.012 -3"><span class='ocrx_word' id='word_1_143' title='bbox 188 2359 263 2419; x_wconf 82' lang='lat' dir='ltr'>fecti</span> <span class='ocrx_word' id='word_1_144' title='bbox 278 2369 358 2419; x_wconf 89' lang='lat' dir='ltr'>sunt.</span> 
     </span>
    </p>
   </div>
   <div class='ocr_carea' id='block_1_5' title="bbox 497 2505 880 2578">
    <p class='ocr_par' dir='ltr' id='par_1_5' title="bbox 497 2505 880 2578">
     <span class='ocr_line' id='line_1_21' title="bbox 497 2505 880 2578; baseline -0.005 -16"><span class='ocrx_word' id='word_1_145' title='bbox 497 2505 561 2562; x_wconf 83' lang='lat'><em>128.</em></span> <span class='ocrx_word' id='word_1_146' title='bbox 601 2506 703 2578; x_wconf 82' lang='lat' dir='ltr'>Flight</span> <span class='ocrx_word' id='word_1_147' title='bbox 722 2507 752 2562; x_wconf 82' lang='lat' dir='ltr'>oi</span> <span class='ocrx_word' id='word_1_148' title='bbox 771 2507 880 2563; x_wconf 79' lang='lat' dir='ltr'>Medea.</span> 
     </span>
    </p>
   </div>
   <div class='ocr_carea' id='block_1_6' title="bbox 188 2650 1186 3619">
    <p class='ocr_par' dir='ltr' id='par_1_6' title="bbox 188 2650 1186 3619">
     <span class='ocr_line' id='line_1_22' title="bbox 230 2650 1185 2728; baseline 0 -19"><span class='ocrx_word' id='word_1_149' title='bbox 230 2654 272 2709; x_wconf 90' lang='lat' dir='ltr'>At</span> <span class='ocrx_word' id='word_1_150' title='bbox 295 2657 348 2710; x_wconf 80' lang='lat' dir='ltr'>rex</span> <span class='ocrx_word' id='word_1_151' title='bbox 363 2654 485 2723; x_wconf 74' lang='lat' dir='ltr'>Aeetes,</span> <span class='ocrx_word' id='word_1_152' title='bbox 500 2650 553 2710; x_wconf 91' lang='lat' dir='ltr'>ubi</span> <span class='ocrx_word' id='word_1_153' title='bbox 568 2651 715 2728; x_wconf 78' lang='lat' dir='ltr'>cdgndvit</span> <span class='ocrx_word' id='word_1_154' title='bbox 735 2652 880 2710; x_wconf 71' lang='lat' dir='ltr'>Iasonem</span> <span class='ocrx_word' id='word_1_155' title='bbox 896 2651 1033 2711; x_wconf 79' lang='lat' dir='ltr'>labrirem</span> <span class='ocrx_word' id='word_1_156' title='bbox 1049 2651 1185 2728; x_wconf 78' lang='lat' dir='ltr'>prriposi-</span> 
     </span>
     <span class='ocr_line' id='line_1_23' title="bbox 188 2750 1186 2828; baseline 0.001 -19"><span class='ocrx_word' id='word_1_157' title='bbox 188 2760 252 2809; x_wconf 91' lang='lat' dir='ltr'>tum</span> <span class='ocrx_word' id='word_1_158' title='bbox 276 2751 459 2824; x_wconf 75' lang='lat' dir='ltr'>edulecisse,</span> <span class='ocrx_word' id='word_1_159' title='bbox 482 2759 526 2809; x_wconf 76' lang='lat' dir='ltr'>irai</span> <span class='ocrx_word' id='word_1_160' title='bbox 548 2750 682 2827; x_wconf 89' lang='lat' dir='ltr'>graviter</span> <span class='ocrx_word' id='word_1_161' title='bbox 704 2758 875 2809; x_wconf 76' lang='lat' dir='ltr'>commdtus</span> <span class='ocrx_word' id='word_1_162' title='bbox 893 2759 958 2809; x_wconf 91' lang='lat' dir='ltr'>est:</span> <span class='ocrx_word' id='word_1_163' title='bbox 989 2750 1186 2828; x_wconf 78' lang='lat' dir='ltr'>intellegebat</span> 
     </span>
     <span class='ocr_line' id='line_1_24' title="bbox 188 2850 1186 2927; baseline 0.001 -18"><span class='ocrx_word' id='word_1_164' title='bbox 188 2850 270 2909; x_wconf 92' lang='lat' dir='ltr'>enim</span> <span class='ocrx_word' id='word_1_165' title='bbox 285 2850 317 2908; x_wconf 92' lang='lat' dir='ltr'>id</span> <span class='ocrx_word' id='word_1_166' title='bbox 332 2870 387 2927; x_wconf 92' lang='lat' dir='ltr'>per</span> <span class='ocrx_word' id='word_1_167' title='bbox 398 2851 503 2909; x_wconf 90' lang='lat' dir='ltr'>dolum</span> <span class='ocrx_word' id='word_1_168' title='bbox 519 2851 634 2910; x_wconf 82' lang='lat' dir='ltr'>factum</span> <span class='ocrx_word' id='word_1_169' title='bbox 650 2869 719 2910; x_wconf 88' lang='lat' dir='ltr'>esse</span> <span class='ocrx_word' id='word_1_170' title='bbox 735 2870 792 2910; x_wconf 89' lang='lat' dir='ltr'>nec</span> <span class='ocrx_word' id='word_1_171' title='bbox 808 2850 971 2909; x_wconf 78' lang='lat' dir='ltr'>dubitabat</span> <span class='ocrx_word' id='word_1_172' title='bbox 982 2860 1056 2927; x_wconf 93' lang='lat' dir='ltr'>quin</span> <span class='ocrx_word' id='word_1_173' title='bbox 1073 2851 1186 2910; x_wconf 73' lang='lat' dir='ltr'>Medea</span> 
     </span>
     <span class='ocr_line' id='line_1_25' title="bbox 188 2949 1185 3027; baseline 0.003 -21"><span class='ocrx_word' id='word_1_174' title='bbox 188 2949 335 3008; x_wconf 86' lang='lat' dir='ltr'>auxilium</span> <span class='ocrx_word' id='word_1_175' title='bbox 357 2960 385 3009; x_wconf 93' lang='lat' dir='ltr'>ei</span> <span class='ocrx_word' id='word_1_176' title='bbox 407 2950 536 3009; x_wconf 88' lang='lat' dir='ltr'>tulisset.</span> <span class='ocrx_word' id='word_1_177' title='bbox 583 2950 697 3009; x_wconf 76' lang='lat' dir='ltr'>Medea</span> <span class='ocrx_word' id='word_1_178' title='bbox 719 2958 830 3022; x_wconf 86' lang='lat' dir='ltr'>autem,</span> <span class='ocrx_word' id='word_1_179' title='bbox 847 2969 917 3008; x_wconf 89' lang='lat' dir='ltr'>cum</span> <span class='ocrx_word' id='word_1_180' title='bbox 940 2950 1130 3027; x_wconf 89' lang='lat' dir='ltr'>intellegeret</span> <span class='ocrx_word' id='word_1_181' title='bbox 1152 2957 1185 3009; x_wconf 68' lang='lat' dir='ltr'>se</span> 
     </span>
     <span class='ocr_line' id='line_1_26' title="bbox 188 3049 1185 3127; baseline 0.002 -21"><span class='ocrx_word' id='word_1_182' title='bbox 188 3049 220 3108; x_wconf 92' lang='lat' dir='ltr'>in</span> <span class='ocrx_word' id='word_1_183' title='bbox 235 3057 348 3127; x_wconf 79' lang='lat' dir='ltr'>magud</span> <span class='ocrx_word' id='word_1_184' title='bbox 362 3051 428 3110; x_wconf 78' lang='lat' dir='ltr'>fore</span> <span class='ocrx_word' id='word_1_185' title='bbox 444 3051 589 3127; x_wconf 78' lang='lat' dir='ltr'>periculb,</span> <span class='ocrx_word' id='word_1_186' title='bbox 602 3056 628 3109; x_wconf 92' lang='lat' dir='ltr'>si</span> <span class='ocrx_word' id='word_1_187' title='bbox 644 3050 676 3108; x_wconf 90' lang='lat' dir='ltr'>in</span> <span class='ocrx_word' id='word_1_188' title='bbox 691 3050 775 3126; x_wconf 72' lang='lat' dir='ltr'>regia</span> <span class='ocrx_word' id='word_1_189' title='bbox 790 3049 962 3122; x_wconf 76' lang='lat' dir='ltr'>mansisset,</span> <span class='ocrx_word' id='word_1_190' title='bbox 974 3050 1047 3127; x_wconf 80' lang='lat' dir='ltr'>fugai</span> <span class='ocrx_word' id='word_1_191' title='bbox 1057 3051 1185 3110; x_wconf 80' lang='lat' dir='ltr'>salutem</span> 
     </span>
     <span class='ocr_line' id='line_1_27' title="bbox 188 3148 1185 3226; baseline 0.001 -18"><span class='ocrx_word' id='word_1_192' title='bbox 188 3159 292 3225; x_wconf 87' lang='lat' dir='ltr'>petere</span> <span class='ocrx_word' id='word_1_193' title='bbox 302 3149 470 3209; x_wconf 72' lang='lat' dir='ltr'>cunstituit.</span> <span class='ocrx_word' id='word_1_194' title='bbox 515 3149 669 3208; x_wconf 90' lang='lat' dir='ltr'>Omnibus</span> <span class='ocrx_word' id='word_1_195' title='bbox 685 3148 776 3225; x_wconf 90' lang='lat' dir='ltr'>igitur</span> <span class='ocrx_word' id='word_1_196' title='bbox 788 3149 828 3207; x_wconf 90' lang='lat' dir='ltr'>ad</span> <span class='ocrx_word' id='word_1_197' title='bbox 838 3149 943 3226; x_wconf 82' lang='lat' dir='ltr'>fugam</span> <span class='ocrx_word' id='word_1_198' title='bbox 958 3158 1072 3225; x_wconf 73' lang='lat' dir='ltr'>paratis</span> <span class='ocrx_word' id='word_1_199' title='bbox 1084 3150 1185 3209; x_wconf 73' lang='lat' dir='ltr'>media</span> 
     </span>
     <span class='ocr_line' id='line_1_28' title="bbox 188 3237 1185 3326; baseline -0.002 -18"><span class='ocrx_word' id='word_1_200' title='bbox 188 3259 279 3308; x_wconf 88' lang='lat' dir='ltr'>nocte</span> <span class='ocrx_word' id='word_1_201' title='bbox 302 3237 451 3309; x_wconf 83' lang='lat' dir='ltr'>insciente</span> <span class='ocrx_word' id='word_1_202' title='bbox 474 3259 561 3325; x_wconf 90' lang='lat' dir='ltr'>patre</span> <span class='ocrx_word' id='word_1_203' title='bbox 577 3267 646 3307; x_wconf 92' lang='lat' dir='ltr'>curn</span> <span class='ocrx_word' id='word_1_204' title='bbox 669 3249 762 3308; x_wconf 74' lang='lat' dir='ltr'>fratre</span> <span class='ocrx_word' id='word_1_205' title='bbox 778 3249 915 3326; x_wconf 67' lang='lat' dir='ltr'>Absyrti&gt;</span> <span class='ocrx_word' id='word_1_206' title='bbox 930 3250 1028 3309; x_wconf 74' lang='lat' dir='ltr'>evasit</span> <span class='ocrx_word' id='word_1_207' title='bbox 1046 3259 1077 3308; x_wconf 91' lang='lat' dir='ltr'>et</span> <span class='ocrx_word' id='word_1_208' title='bbox 1092 3268 1185 3324; x_wconf 89' lang='lat' dir='ltr'>quam</span> 
     </span>
     <span class='ocr_line' id='line_1_29' title="bbox 188 3348 1183 3424; baseline 0 -17"><span class='ocrx_word' id='word_1_209' title='bbox 188 3348 345 3407; x_wconf 77' lang='lat' dir='ltr'>celerrime</span> <span class='ocrx_word' id='word_1_210' title='bbox 369 3349 407 3407; x_wconf 92' lang='lat' dir='ltr'>ad</span> <span class='ocrx_word' id='word_1_211' title='bbox 430 3349 530 3407; x_wconf 89' lang='lat' dir='ltr'>locum</span> <span class='ocrx_word' id='word_1_212' title='bbox 553 3349 606 3407; x_wconf 92' lang='lat' dir='ltr'>ubi</span> <span class='ocrx_word' id='word_1_213' title='bbox 622 3351 707 3424; x_wconf 74' lang='lat' dir='ltr'>Argi)</span> <span class='ocrx_word' id='word_1_214' title='bbox 729 3348 881 3408; x_wconf 89' lang='lat' dir='ltr'>subducta</span> <span class='ocrx_word' id='word_1_215' title='bbox 903 3358 967 3408; x_wconf 91' lang='lat' dir='ltr'>erat</span> <span class='ocrx_word' id='word_1_216' title='bbox 990 3357 1024 3408; x_wconf 81' lang='lat' dir='ltr'>se</span> <span class='ocrx_word' id='word_1_217' title='bbox 1046 3348 1183 3407; x_wconf 85' lang='lat' dir='ltr'>contulit.</span> 
     </span>
     <span class='ocr_line' id='line_1_30' title="bbox 189 3447 1185 3525; baseline -0.002 -19"><span class='ocrx_word' id='word_1_218' title='bbox 189 3449 235 3507; x_wconf 86' lang='grc' dir='ltr'>Εό</span> <span class='ocrx_word' id='word_1_219' title='bbox 256 3467 326 3507; x_wconf 91' lang='lat' dir='ltr'>curn</span> <span class='ocrx_word' id='word_1_220' title='bbox 342 3449 484 3521; x_wconf 73' lang='lat' dir='ltr'>venisset,</span> <span class='ocrx_word' id='word_1_221' title='bbox 503 3448 543 3506; x_wconf 90' lang='lat' dir='ltr'>ad</span> <span class='ocrx_word' id='word_1_222' title='bbox 564 3449 660 3524; x_wconf 78' lang='lat' dir='ltr'>pedes</span> <span class='ocrx_word' id='word_1_223' title='bbox 684 3448 807 3507; x_wconf 71' lang='lat' dir='ltr'>Iasonis</span> <span class='ocrx_word' id='word_1_224' title='bbox 823 3455 856 3507; x_wconf 80' lang='lat' dir='ltr'>se</span> <span class='ocrx_word' id='word_1_225' title='bbox 879 3448 1008 3525; x_wconf 77' lang='lat' dir='ltr'>prniecit</span> <span class='ocrx_word' id='word_1_226' title='bbox 1029 3457 1060 3506; x_wconf 88' lang='lat' dir='ltr'>et</span> <span class='ocrx_word' id='word_1_227' title='bbox 1081 3447 1185 3505; x_wconf 88' lang='lat' dir='ltr'>multis</span> 
     </span>
     <span class='ocr_line' id='line_1_31' title="bbox 188 3545 1184 3619; baseline -0.002 -13"><span class='ocrx_word' id='word_1_228' title='bbox 188 3567 257 3606; x_wconf 91' lang='lat' dir='ltr'>cum</span> <span class='ocrx_word' id='word_1_229' title='bbox 287 3547 420 3606; x_wconf 87' lang='lat' dir='ltr'>lacrimis</span> <span class='ocrx_word' id='word_1_230' title='bbox 449 3547 625 3607; x_wconf 78' lang='lat' dir='ltr'>obsecravit</span> <span class='ocrx_word' id='word_1_231' title='bbox 654 3566 734 3619; x_wconf 84' lang='lat' dir='ltr'>eum,</span> <span class='ocrx_word' id='word_1_232' title='bbox 762 3555 800 3606; x_wconf 81' lang='lat' dir='ltr'>ne</span> <span class='ocrx_word' id='word_1_233' title='bbox 829 3547 861 3605; x_wconf 92' lang='lat' dir='ltr'>in</span> <span class='ocrx_word' id='word_1_234' title='bbox 891 3555 979 3605; x_wconf 73' lang='lat' dir='ltr'>tanti)</span> <span class='ocrx_word' id='word_1_235' title='bbox 1008 3545 1184 3604; x_wconf 88' lang='lat' dir='ltr'>discrimine</span> 
     </span>
    </p>
   </div>
   <div class='ocr_carea' id='block_1_7' title="bbox 0 0 1346 3942">
    <p class='ocr_par' dir='ltr' id='par_1_7' title="bbox 0 0 1346 3942">
     <span class='ocr_line' id='line_1_32' title="bbox 0 0 1346 3942; baseline 0 2"><span class='ocrx_word' id='word_1_236' title='bbox 0 0 1346 3942; x_wconf 95' lang='lat' dir='ltr'> </span> 
     </span>
    </p>
   </div>
  </div>
 </body>
</html>
