<?xml version="1.0" encoding="UTF-8"?>
<!DOCTYPE html PUBLIC "-//W3C//DTD XHTML 1.0 Transitional//EN"
    "http://www.w3.org/TR/xhtml1/DTD/xhtml1-transitional.dtd">
<html xmlns="http://www.w3.org/1999/xhtml" xml:lang="en" lang="en">
 <head>
  <title>
</title>
<meta http-equiv="Content-Type" content="text/html;charset=utf-8" />
  <meta name='ocr-system' content='tesseract 3.04.00' />
  <meta name='ocr-capabilities' content='ocr_page ocr_carea ocr_par ocr_line ocrx_word'/>
</head>
<body>
  <div class='ocr_page' id='page_1' title='image "./newgradatimarev02collgoog_0121.png"; bbox 0 0 2684 3942; ppageno 0'>
   <div class='ocr_carea' id='block_1_1' title="bbox 535 289 1290 351">
    <p class='ocr_par' dir='ltr' id='par_1_1' title="bbox 535 289 1290 351">
     <span class='ocr_line' id='line_1_1' title="bbox 535 289 1290 351; baseline -0.001 -11"><span class='ocrx_word' id='word_1_1' title='bbox 535 291 612 340; x_wconf 72' lang='lat' dir='ltr'>rna</span> <span class='ocrx_word' id='word_1_2' title='bbox 634 289 872 339; x_wconf 50' lang='lat' dir='ltr'>arcanarum.</span> <span class='ocrx_word' id='word_1_3' title='bbox 1152 289 1198 339; x_wconf 89' lang='lat'>101</span> <span class='ocrx_word' id='word_1_4' title='bbox 1288 344 1290 351; x_wconf 65' lang='grc'><em>,</em></span> 
     </span>
    </p>
   </div>
   <div class='ocr_carea' id='block_1_2' title="bbox 204 457 1198 1236">
    <p class='ocr_par' dir='ltr' id='par_1_2' title="bbox 204 457 1198 1236">
     <span class='ocr_line' id='line_1_2' title="bbox 205 457 1196 535; baseline -0.002 -16"><span class='ocrx_word' id='word_1_5' title='bbox 205 468 278 533; x_wconf 89' lang='lat' dir='ltr'>erat,</span> <span class='ocrx_word' id='word_1_6' title='bbox 292 468 422 519; x_wconf 69' lang='lat' dir='ltr'>ancoras</span> <span class='ocrx_word' id='word_1_7' title='bbox 438 459 560 518; x_wconf 86' lang='lat' dir='ltr'><strong>sustulit</strong></span> <span class='ocrx_word' id='word_1_8' title='bbox 576 467 607 516; x_wconf 89' lang='lat' dir='ltr'>et</span> <span class='ocrx_word' id='word_1_9' title='bbox 621 477 721 534; x_wconf 87' lang='lat' dir='ltr'>pauca</span> <span class='ocrx_word' id='word_1_10' title='bbox 736 457 832 515; x_wconf 89' lang='lat' dir='ltr'>millia</span> <span class='ocrx_word' id='word_1_11' title='bbox 846 476 992 533; x_wconf 85' lang='lat' dir='ltr'>passuum</span> <span class='ocrx_word' id='word_1_12' title='bbox 1007 465 1196 535; x_wconf 72' lang='lat' dir='ltr'>progressus</span> 
     </span>
     <span class='ocr_line' id='line_1_3' title="bbox 205 557 1198 637; baseline -0.001 -20"><span class='ocrx_word' id='word_1_13' title='bbox 205 569 276 618; x_wconf 90' lang='lat' dir='ltr'>ante</span> <span class='ocrx_word' id='word_1_14' title='bbox 293 570 415 619; x_wconf 87' lang='lat' dir='ltr'>noctem</span> <span class='ocrx_word' id='word_1_15' title='bbox 433 559 566 637; x_wconf 71' lang='lat' dir='ltr'>Mysiam</span> <span class='ocrx_word' id='word_1_16' title='bbox 578 558 688 635; x_wconf 89' lang='lat' dir='ltr'>attigit.</span> <span class='ocrx_word' id='word_1_17' title='bbox 735 557 784 615; x_wconf 90' lang='lat' dir='ltr'>Ibi</span> <span class='ocrx_word' id='word_1_18' title='bbox 799 566 914 633; x_wconf 69' lang='lat' dir='ltr'>paucas</span> <span class='ocrx_word' id='word_1_19' title='bbox 929 558 1021 616; x_wconf 70' lang='lat' dir='ltr'>horas</span> <span class='ocrx_word' id='word_1_20' title='bbox 1034 557 1065 615; x_wconf 91' lang='lat' dir='ltr'>in</span> <span class='ocrx_word' id='word_1_21' title='bbox 1076 567 1198 616; x_wconf 89' lang='lat' dir='ltr'>ancoris</span> 
     </span>
     <span class='ocr_line' id='line_1_4' title="bbox 205 657 1197 737; baseline -0.003 -19"><span class='ocrx_word' id='word_1_22' title='bbox 205 659 412 737; x_wconf 68' lang='lat' dir='ltr'>exspectavit3</span> <span class='ocrx_word' id='word_1_23' title='bbox 446 667 464 718; x_wconf 79' lang='lat' dir='ltr'>ai</span> <span class='ocrx_word' id='word_1_24' title='bbox 490 667 592 717; x_wconf 88' lang='lat' dir='ltr'>nautis</span> <span class='ocrx_word' id='word_1_25' title='bbox 622 658 703 716; x_wconf 92' lang='lat' dir='ltr'>enim</span> <span class='ocrx_word' id='word_1_26' title='bbox 733 664 920 733; x_wconf 79' lang='lat' dir='ltr'>cognoverat</span> <span class='ocrx_word' id='word_1_27' title='bbox 949 676 1048 734; x_wconf 89' lang='lat' dir='ltr'>aquae</span> <span class='ocrx_word' id='word_1_28' title='bbox 1077 657 1197 734; x_wconf 78' lang='lat' dir='ltr'>copiam</span> 
     </span>
     <span class='ocr_line' id='line_1_5' title="bbox 205 757 1197 836; baseline -0.003 -18"><span class='ocrx_word' id='word_1_29' title='bbox 205 779 297 836; x_wconf 88' lang='lat' dir='ltr'>quam</span> <span class='ocrx_word' id='word_1_30' title='bbox 323 767 426 819; x_wconf 77' lang='lat' dir='ltr'>secum</span> <span class='ocrx_word' id='word_1_31' title='bbox 450 759 600 818; x_wconf 73' lang='lat' dir='ltr'>haberent</span> <span class='ocrx_word' id='word_1_32' title='bbox 624 757 684 815; x_wconf 93' lang='lat' dir='ltr'>iam</span> <span class='ocrx_word' id='word_1_33' title='bbox 710 758 860 816; x_wconf 73' lang='lat' dir='ltr'>deficere:</span> <span class='ocrx_word' id='word_1_34' title='bbox 891 776 982 833; x_wconf 89' lang='lat' dir='ltr'>quam</span> <span class='ocrx_word' id='word_1_35' title='bbox 1009 758 1049 816; x_wconf 94' lang='lat' dir='ltr'>ob</span> <span class='ocrx_word' id='word_1_36' title='bbox 1072 777 1197 816; x_wconf 89' lang='lat' dir='ltr'>causam</span> 
     </span>
     <span class='ocr_line' id='line_1_6' title="bbox 205 857 1197 937; baseline -0.002 -18"><span class='ocrx_word' id='word_1_37' title='bbox 205 861 330 936; x_wconf 89' lang='lat' dir='ltr'>quidam</span> <span class='ocrx_word' id='word_1_38' title='bbox 353 879 390 918; x_wconf 88' lang='lat' dir='ltr'>ex</span> <span class='ocrx_word' id='word_1_39' title='bbox 411 862 599 937; x_wconf 84' lang='lat' dir='ltr'>Argonautis</span> <span class='ocrx_word' id='word_1_40' title='bbox 622 857 653 915; x_wconf 94' lang='lat' dir='ltr'>in</span> <span class='ocrx_word' id='word_1_41' title='bbox 676 868 787 916; x_wconf 90' lang='lat' dir='ltr'>terram</span> <span class='ocrx_word' id='word_1_42' title='bbox 810 864 925 933; x_wconf 74' lang='lat' dir='ltr'>egressi</span> <span class='ocrx_word' id='word_1_43' title='bbox 948 876 1058 934; x_wconf 88' lang='lat' dir='ltr'>aquam</span> <span class='ocrx_word' id='word_1_44' title='bbox 1075 865 1197 935; x_wconf 65' lang='lat' dir='ltr'>quaere</span> 
     </span>
     <span class='ocr_line' id='line_1_7' title="bbox 204 957 1197 1035; baseline -0.002 -16"><span class='ocrx_word' id='word_1_45' title='bbox 204 960 289 1019; x_wconf 89' lang='lat' dir='ltr'>bant.</span> <span class='ocrx_word' id='word_1_46' title='bbox 335 962 454 1019; x_wconf 82' lang='lat' dir='ltr'>Horum</span> <span class='ocrx_word' id='word_1_47' title='bbox 471 960 501 1017; x_wconf 90' lang='lat' dir='ltr'>in</span> <span class='ocrx_word' id='word_1_48' title='bbox 518 965 646 1017; x_wconf 82' lang='lat' dir='ltr'>numero</span> <span class='ocrx_word' id='word_1_49' title='bbox 662 967 728 1016; x_wconf 88' lang='lat' dir='ltr'>erat</span> <span class='ocrx_word' id='word_1_50' title='bbox 744 957 844 1035; x_wconf 85' lang='lat' dir='ltr'>Hylas</span> <span class='ocrx_word' id='word_1_51' title='bbox 860 958 994 1034; x_wconf 85' lang='lat' dir='ltr'>quidam,</span> <span class='ocrx_word' id='word_1_52' title='bbox 1007 976 1084 1033; x_wconf 93' lang='lat' dir='ltr'>puer</span> <span class='ocrx_word' id='word_1_53' title='bbox 1097 958 1197 1017; x_wconf 73' lang='lat' dir='ltr'>forma</span> 
     </span>
     <span class='ocr_line' id='line_1_8' title="bbox 204 1054 1197 1136; baseline -0.002 -18"><span class='ocrx_word' id='word_1_54' title='bbox 204 1059 486 1136; x_wconf 54' lang='lat' dir='ltr'>praestantissimam</span> <span class='ocrx_word' id='word_1_55' title='bbox 521 1067 581 1135; x_wconf 91' lang='lat' dir='ltr'>qui,</span> <span class='ocrx_word' id='word_1_56' title='bbox 605 1059 679 1116; x_wconf 93' lang='lat' dir='ltr'>dum</span> <span class='ocrx_word' id='word_1_57' title='bbox 700 1058 819 1116; x_wconf 85' lang='lat' dir='ltr'>fontem</span> <span class='ocrx_word' id='word_1_58' title='bbox 842 1054 969 1132; x_wconf 87' lang='lat' dir='ltr'>quaerit,</span> <span class='ocrx_word' id='word_1_59' title='bbox 993 1066 1012 1116; x_wconf 72' lang='lat' dir='ltr'>a</span> <span class='ocrx_word' id='word_1_60' title='bbox 1033 1056 1197 1117; x_wconf 85' lang='lat' dir='ltr'>comitibus</span> 
     </span>
     <span class='ocr_line' id='line_1_9' title="bbox 204 1157 1197 1236; baseline -0.001 -19"><span class='ocrx_word' id='word_1_61' title='bbox 204 1160 329 1235; x_wconf 89' lang='lat' dir='ltr'>paulum</span> <span class='ocrx_word' id='word_1_62' title='bbox 354 1167 533 1219; x_wconf 72' lang='lat' dir='ltr'>secesserat.</span> <span class='ocrx_word' id='word_1_63' title='bbox 580 1158 743 1236; x_wconf 86' lang='lat' dir='ltr'>Nymphae</span> <span class='ocrx_word' id='word_1_64' title='bbox 759 1166 870 1229; x_wconf 90' lang='lat' dir='ltr'>autem,</span> <span class='ocrx_word' id='word_1_65' title='bbox 888 1176 967 1234; x_wconf 92' lang='lat' dir='ltr'>quae</span> <span class='ocrx_word' id='word_1_66' title='bbox 987 1157 1105 1216; x_wconf 80' lang='lat' dir='ltr'>fontem</span> <span class='ocrx_word' id='word_1_67' title='bbox 1120 1158 1197 1217; x_wconf 63' lang='lat' dir='ltr'>cole</span> 
     </span>
    </p>
   </div>
   <div class='ocr_carea' id='block_1_3' title="bbox 203 1257 1279 1333">
    <p class='ocr_par' dir='ltr' id='par_1_3' title="bbox 203 1257 1279 1333">
     <span class='ocr_line' id='line_1_10' title="bbox 203 1257 1279 1333; baseline -0.004 -14"><span class='ocrx_word' id='word_1_68' title='bbox 203 1261 288 1332; x_wconf 89' lang='lat' dir='ltr'>bant,</span> <span class='ocrx_word' id='word_1_69' title='bbox 305 1278 373 1318; x_wconf 91' lang='lat' dir='ltr'>cum</span> <span class='ocrx_word' id='word_1_70' title='bbox 398 1259 539 1317; x_wconf 90' lang='lat' dir='ltr'>iuvenem</span> <span class='ocrx_word' id='word_1_71' title='bbox 555 1258 714 1328; x_wconf 82' lang='lat' dir='ltr'>vidissent,</span> <span class='ocrx_word' id='word_1_72' title='bbox 731 1265 759 1315; x_wconf 88' lang='lat' dir='ltr'>ei</span> <span class='ocrx_word' id='word_1_73' title='bbox 779 1257 964 1333; x_wconf 71' lang='lat' dir='ltr'>persuadere</span> <span class='ocrx_word' id='word_1_74' title='bbox 980 1265 1110 1316; x_wconf 71' lang='lat' dir='ltr'>conatae</span> <span class='ocrx_word' id='word_1_75' title='bbox 1125 1267 1197 1316; x_wconf 91' lang='lat' dir='ltr'>sunt</span> <span class='ocrx_word' id='word_1_76' title='bbox 1274 1319 1279 1326; x_wconf 54' lang='grc'><strong>,</strong></span> 
     </span>
    </p>
   </div>
   <div class='ocr_carea' id='block_1_4' title="bbox 204 1356 1237 2037">
    <p class='ocr_par' dir='ltr' id='par_1_4' title="bbox 204 1356 1237 1536">
     <span class='ocr_line' id='line_1_11' title="bbox 205 1356 1237 1433; baseline -0.004 -14"><span class='ocrx_word' id='word_1_77' title='bbox 205 1369 239 1418; x_wconf 95' lang='lat' dir='ltr'>ut</span> <span class='ocrx_word' id='word_1_78' title='bbox 254 1367 359 1419; x_wconf 70' lang='lat' dir='ltr'>secum</span> <span class='ocrx_word' id='word_1_79' title='bbox 380 1366 535 1425; x_wconf 52' lang='lat' dir='ltr'>manerem</span> <span class='ocrx_word' id='word_1_80' title='bbox 559 1368 676 1416; x_wconf 91' lang='lat' dir='ltr'>etcum</span> <span class='ocrx_word' id='word_1_81' title='bbox 698 1356 750 1416; x_wconf 88' lang='lat' dir='ltr'>ille</span> <span class='ocrx_word' id='word_1_82' title='bbox 772 1365 897 1433; x_wconf 72' lang='lat' dir='ltr'>negaret</span> <span class='ocrx_word' id='word_1_83' title='bbox 913 1363 946 1415; x_wconf 76' lang='lat' dir='ltr'>se</span> <span class='ocrx_word' id='word_1_84' title='bbox 966 1357 1025 1416; x_wconf 81' lang='lat' dir='ltr'>hoc</span> <span class='ocrx_word' id='word_1_85' title='bbox 1044 1357 1197 1415; x_wconf 81' lang='lat' dir='ltr'>facturum</span> <span class='ocrx_word' id='word_1_86' title='bbox 1235 1398 1237 1401; x_wconf 91' lang='lat'>-</span> 
     </span>
     <span class='ocr_line' id='line_1_12' title="bbox 204 1458 688 1536; baseline -0.004 -18"><span class='ocrx_word' id='word_1_87' title='bbox 204 1479 282 1533; x_wconf 88' lang='lat' dir='ltr'>esse,</span> <span class='ocrx_word' id='word_1_88' title='bbox 298 1478 427 1536; x_wconf 90' lang='lat' dir='ltr'>puerum</span> <span class='ocrx_word' id='word_1_89' title='bbox 442 1467 472 1517; x_wconf 89' lang='lat' dir='ltr'>vi</span> <span class='ocrx_word' id='word_1_90' title='bbox 487 1458 688 1517; x_wconf 73' lang='lat' dir='ltr'>abstulerunt.</span> 
     </span>
    </p>

    <p class='ocr_par' dir='ltr' id='par_1_5' title="bbox 204 1556 1197 2037">
     <span class='ocr_line' id='line_1_13' title="bbox 247 1556 1197 1635; baseline -0.004 -15"><span class='ocrx_word' id='word_1_91' title='bbox 247 1559 385 1620; x_wconf 73' lang='lat' dir='ltr'>Comites</span> <span class='ocrx_word' id='word_1_92' title='bbox 407 1558 480 1631; x_wconf 79' lang='lat' dir='ltr'>eius,</span> <span class='ocrx_word' id='word_1_93' title='bbox 505 1568 669 1634; x_wconf 86' lang='lat' dir='ltr'>postquam</span> <span class='ocrx_word' id='word_1_94' title='bbox 695 1556 809 1635; x_wconf 86' lang='lat' dir='ltr'>Hylam</span> <span class='ocrx_word' id='word_1_95' title='bbox 831 1563 978 1615; x_wconf 76' lang='lat' dir='ltr'>amissum</span> <span class='ocrx_word' id='word_1_96' title='bbox 1004 1575 1073 1616; x_wconf 90' lang='lat' dir='ltr'>esse</span> <span class='ocrx_word' id='word_1_97' title='bbox 1095 1564 1197 1616; x_wconf 74' lang='lat' dir='ltr'>sense-</span> 
     </span>
     <span class='ocr_line' id='line_1_14' title="bbox 204 1656 1197 1736; baseline -0.002 -18"><span class='ocrx_word' id='word_1_98' title='bbox 204 1669 283 1732; x_wconf 89' lang='lat' dir='ltr'>runt,</span> <span class='ocrx_word' id='word_1_99' title='bbox 301 1666 413 1736; x_wconf 77' lang='lat' dir='ltr'>magno</span> <span class='ocrx_word' id='word_1_100' title='bbox 427 1658 533 1717; x_wconf 81' lang='lat' dir='ltr'>dolore</span> <span class='ocrx_word' id='word_1_101' title='bbox 549 1657 674 1729; x_wconf 78' lang='lat' dir='ltr'>adfecti,</span> <span class='ocrx_word' id='word_1_102' title='bbox 691 1656 744 1715; x_wconf 81' lang='lat' dir='ltr'>diri</span> <span class='ocrx_word' id='word_1_103' title='bbox 758 1657 871 1715; x_wconf 78' lang='lat' dir='ltr'>frustra</span> <span class='ocrx_word' id='word_1_104' title='bbox 887 1656 1095 1732; x_wconf 76' lang='lat' dir='ltr'>quaerebant:</span> <span class='ocrx_word' id='word_1_105' title='bbox 1120 1658 1197 1716; x_wconf 91' lang='lat' dir='ltr'>Her-</span> 
     </span>
     <span class='ocr_line' id='line_1_15' title="bbox 205 1738 1196 1835; baseline -0.003 -17"><span class='ocrx_word' id='word_1_106' title='bbox 205 1760 289 1818; x_wconf 77' lang='lat' dir='ltr'>cules</span> <span class='ocrx_word' id='word_1_107' title='bbox 313 1768 414 1817; x_wconf 88' lang='lat' dir='ltr'>autem</span> <span class='ocrx_word' id='word_1_108' title='bbox 439 1767 469 1816; x_wconf 95' lang='lat' dir='ltr'>et</span> <span class='ocrx_word' id='word_1_109' title='bbox 493 1738 709 1835; x_wconf 75' lang='lat' dir='ltr'>Polyphemus,</span> <span class='ocrx_word' id='word_1_110' title='bbox 735 1753 940 1833; x_wconf 78' lang='lat' dir='ltr'>qui&#39;vestigia</span> <span class='ocrx_word' id='word_1_111' title='bbox 963 1765 1050 1832; x_wconf 92' lang='lat' dir='ltr'>pueri</span> <span class='ocrx_word' id='word_1_112' title='bbox 1075 1757 1196 1834; x_wconf 87' lang='lat' dir='ltr'>longius</span> 
     </span>
     <span class='ocr_line' id='line_1_16' title="bbox 205 1838 1197 1928; baseline -0.006 -9"><span class='ocrx_word' id='word_1_113' title='bbox 205 1869 303 1919; x_wconf 74' lang='lat' dir='ltr'>secuti</span> <span class='ocrx_word' id='word_1_114' title='bbox 318 1838 484 1928; x_wconf 66' lang='lat' dir='ltr'>erant‚⁵ubi</span> <span class='ocrx_word' id='word_1_115' title='bbox 499 1857 625 1916; x_wconf 90' lang='lat' dir='ltr'>tandem</span> <span class='ocrx_word' id='word_1_116' title='bbox 641 1857 682 1916; x_wconf 93' lang='lat' dir='ltr'>ad</span> <span class='ocrx_word' id='word_1_117' title='bbox 702 1855 774 1914; x_wconf 91' lang='lat' dir='ltr'>litus</span> <span class='ocrx_word' id='word_1_118' title='bbox 797 1854 961 1928; x_wconf 77' lang='lat' dir='ltr'>redierunt,</span> <span class='ocrx_word' id='word_1_119' title='bbox 980 1857 1123 1915; x_wconf 70' lang='lat' dir='ltr'>Iasonem</span> <span class='ocrx_word' id='word_1_120' title='bbox 1140 1856 1197 1914; x_wconf 91' lang='lat' dir='ltr'>sol-</span> 
     </span>
     <span class='ocr_line' id='line_1_17' title="bbox 204 1958 520 2037; baseline -0.009 -19"><span class='ocrx_word' id='word_1_121' title='bbox 204 1958 286 2019; x_wconf 89' lang='lat' dir='ltr'>visse</span> <span class='ocrx_word' id='word_1_122' title='bbox 301 1964 520 2037; x_wconf 78' lang='lat' dir='ltr'>cognoverunt.</span> 
     </span>
    </p>
   </div>
   <div class='ocr_carea' id='block_1_5' title="bbox 461 2137 940 2209">
    <p class='ocr_par' dir='ltr' id='par_1_6' title="bbox 461 2137 940 2209">
     <span class='ocr_line' id='line_1_18' title="bbox 461 2137 940 2209; baseline -0.002 -16"><span class='ocrx_word' id='word_1_123' title='bbox 461 2152 525 2193; x_wconf 88' lang='lat'><em>121.</em></span> <span class='ocrx_word' id='word_1_124' title='bbox 565 2138 676 2209; x_wconf 82' lang='lat' dir='ltr'>Dining</span> <span class='ocrx_word' id='word_1_125' title='bbox 698 2137 782 2194; x_wconf 78' lang='lat' dir='ltr'>Made</span> <span class='ocrx_word' id='word_1_126' title='bbox 800 2137 940 2194; x_wconf 80' lang='lat' dir='ltr'>Difficult.</span> 
     </span>
    </p>
   </div>
   <div class='ocr_carea' id='block_1_6' title="bbox 147 2264 1199 3642">
    <p class='ocr_par' dir='ltr' id='par_1_7' title="bbox 147 2264 1199 3642">
     <span class='ocr_line' id='line_1_19' title="bbox 247 2264 1199 2343; baseline 0 -17"><span class='ocrx_word' id='word_1_127' title='bbox 247 2270 322 2327; x_wconf 90' lang='lat' dir='ltr'>Post</span> <span class='ocrx_word' id='word_1_128' title='bbox 345 2268 422 2325; x_wconf 91' lang='lat' dir='ltr'>haec</span> <span class='ocrx_word' id='word_1_129' title='bbox 437 2268 635 2343; x_wconf 84' lang='lat' dir='ltr'>Argonautae</span> <span class='ocrx_word' id='word_1_130' title='bbox 652 2266 692 2323; x_wconf 90' lang='lat' dir='ltr'>ad</span> <span class='ocrx_word' id='word_1_131' title='bbox 713 2264 875 2323; x_wconf 74' lang='lat' dir='ltr'>Thraciam</span> <span class='ocrx_word' id='word_1_132' title='bbox 891 2284 1013 2324; x_wconf 90' lang='lat' dir='ltr'>cursum</span> <span class='ocrx_word' id='word_1_133' title='bbox 1034 2273 1199 2326; x_wconf 73' lang='lat' dir='ltr'>tenuerunt</span> 
     </span>
     <span class='ocr_line' id='line_1_20' title="bbox 205 2365 1196 2443; baseline -0.002 -17"><span class='ocrx_word' id='word_1_134' title='bbox 205 2377 235 2426; x_wconf 90' lang='lat' dir='ltr'>et</span> <span class='ocrx_word' id='word_1_135' title='bbox 247 2377 411 2443; x_wconf 87' lang='lat' dir='ltr'>postquam</span> <span class='ocrx_word' id='word_1_136' title='bbox 422 2366 462 2425; x_wconf 93' lang='lat' dir='ltr'>ad</span> <span class='ocrx_word' id='word_1_137' title='bbox 474 2365 622 2442; x_wconf 90' lang='lat' dir='ltr'>oppidum</span> <span class='ocrx_word' id='word_1_138' title='bbox 639 2365 869 2443; x_wconf 87' lang='lat' dir='ltr'>Salmydessum</span> <span class='ocrx_word' id='word_1_139' title='bbox 884 2374 993 2424; x_wconf 70' lang='lat' dir='ltr'>navem</span> <span class='ocrx_word' id='word_1_140' title='bbox 1005 2367 1196 2443; x_wconf 85' lang='lat' dir='ltr'>appulerant,</span> 
     </span>
     <span class='ocr_line' id='line_1_21' title="bbox 205 2464 1198 2543; baseline 0.001 -19"><span class='ocrx_word' id='word_1_141' title='bbox 205 2467 236 2525; x_wconf 89' lang='lat' dir='ltr'>in</span> <span class='ocrx_word' id='word_1_142' title='bbox 258 2478 370 2526; x_wconf 87' lang='lat' dir='ltr'>terram</span> <span class='ocrx_word' id='word_1_143' title='bbox 392 2473 507 2543; x_wconf 73' lang='lat' dir='ltr'>egressi</span> <span class='ocrx_word' id='word_1_144' title='bbox 527 2475 607 2523; x_wconf 92' lang='lat' dir='ltr'>sunt.</span> <span class='ocrx_word' id='word_1_145' title='bbox 654 2464 702 2524; x_wconf 94' lang='lat' dir='ltr'>Ibi</span> <span class='ocrx_word' id='word_1_146' title='bbox 722 2484 792 2522; x_wconf 93' lang='lat' dir='ltr'>cum</span> <span class='ocrx_word' id='word_1_147' title='bbox 814 2465 854 2523; x_wconf 90' lang='lat' dir='ltr'>ab</span> <span class='ocrx_word' id='word_1_148' title='bbox 876 2464 986 2524; x_wconf 92' lang='lat' dir='ltr'>incolis</span> <span class='ocrx_word' id='word_1_149' title='bbox 1002 2475 1198 2542; x_wconf 80' lang='lat' dir='ltr'>quaesissent</span> 
     </span>
     <span class='ocr_line' id='line_1_22' title="bbox 147 2564 1198 2643; baseline -0.001 -19"><span class='ocrx_word' id='word_1_150' title='bbox 147 2588 154 2597; x_wconf 45' lang='lat'><strong>⁸</strong></span> <span class='ocrx_word' id='word_1_151' title='bbox 205 2566 274 2643; x_wconf 88' lang='lat' dir='ltr'>quis</span> <span class='ocrx_word' id='word_1_152' title='bbox 298 2574 425 2643; x_wconf 77' lang='lat' dir='ltr'>regnum</span> <span class='ocrx_word' id='word_1_153' title='bbox 451 2566 517 2624; x_wconf 73' lang='lat' dir='ltr'>eius</span> <span class='ocrx_word' id='word_1_154' title='bbox 539 2565 672 2641; x_wconf 82' lang='lat' dir='ltr'>regionis</span> <span class='ocrx_word' id='word_1_155' title='bbox 695 2565 856 2637; x_wconf 76' lang='lat' dir='ltr'>obtineret,</span> <span class='ocrx_word' id='word_1_156' title='bbox 877 2564 1022 2625; x_wconf 76' lang='lat' dir='ltr'>certiores</span> <span class='ocrx_word' id='word_1_157' title='bbox 1036 2566 1198 2632; x_wconf 81' lang='lat' dir='ltr'>factisunt</span> 
     </span>
     <span class='ocr_line' id='line_1_23' title="bbox 206 2663 1198 2742; baseline -0.001 -17"><span class='ocrx_word' id='word_1_158' title='bbox 206 2668 356 2725; x_wconf 85' lang='lat' dir='ltr'>Phineum</span> <span class='ocrx_word' id='word_1_159' title='bbox 372 2666 526 2742; x_wconf 89' lang='lat' dir='ltr'>quendam</span> <span class='ocrx_word' id='word_1_160' title='bbox 546 2674 610 2723; x_wconf 95' lang='lat' dir='ltr'>tum</span> <span class='ocrx_word' id='word_1_161' title='bbox 631 2663 733 2742; x_wconf 72' lang='lat' dir='ltr'>regem</span> <span class='ocrx_word' id='word_1_162' title='bbox 748 2683 826 2723; x_wconf 88' lang='lat' dir='ltr'>esse.</span> <span class='ocrx_word' id='word_1_163' title='bbox 872 2667 1090 2742; x_wconf 73' lang='lat' dir='ltr'>Cognoverunt</span> <span class='ocrx_word' id='word_1_164' title='bbox 1105 2666 1198 2725; x_wconf 88' lang='lat' dir='ltr'>etiam</span> 
     </span>
     <span class='ocr_line' id='line_1_24' title="bbox 205 2764 1198 2842; baseline 0 -17"><span class='ocrx_word' id='word_1_165' title='bbox 205 2767 286 2825; x_wconf 92' lang='lat' dir='ltr'>hunc</span> <span class='ocrx_word' id='word_1_166' title='bbox 309 2785 434 2825; x_wconf 89' lang='lat' dir='ltr'>caecum</span> <span class='ocrx_word' id='word_1_167' title='bbox 457 2784 526 2824; x_wconf 87' lang='lat' dir='ltr'>esse</span> <span class='ocrx_word' id='word_1_168' title='bbox 546 2775 577 2823; x_wconf 88' lang='lat' dir='ltr'>et</span> <span class='ocrx_word' id='word_1_169' title='bbox 592 2765 658 2824; x_wconf 83' lang='lat' dir='ltr'>diro</span> <span class='ocrx_word' id='word_1_170' title='bbox 675 2765 810 2839; x_wconf 82' lang='lat' dir='ltr'>quodam</span> <span class='ocrx_word' id='word_1_171' title='bbox 830 2764 981 2842; x_wconf 83' lang='lat' dir='ltr'>supplicio</span> <span class='ocrx_word' id='word_1_172' title='bbox 998 2766 1096 2838; x_wconf 86' lang='lat' dir='ltr'>adfici,</span> <span class='ocrx_word' id='word_1_173' title='bbox 1114 2767 1198 2842; x_wconf 93' lang='lat' dir='ltr'>quod</span> 
     </span>
     <span class='ocr_line' id='line_1_25' title="bbox 205 2864 1198 2940; baseline -0.001 -15"><span class='ocrx_word' id='word_1_174' title='bbox 205 2866 277 2925; x_wconf 80' lang='lat' dir='ltr'>olim</span> <span class='ocrx_word' id='word_1_175' title='bbox 298 2873 331 2925; x_wconf 74' lang='lat' dir='ltr'>se</span> <span class='ocrx_word' id='word_1_176' title='bbox 351 2865 596 2924; x_wconf 73' lang='lat' dir='ltr'>crudelissimum</span> <span class='ocrx_word' id='word_1_177' title='bbox 612 2864 642 2922; x_wconf 93' lang='lat' dir='ltr'>in</span> <span class='ocrx_word' id='word_1_178' title='bbox 660 2864 744 2923; x_wconf 82' lang='lat' dir='ltr'>filios</span> <span class='ocrx_word' id='word_1_179' title='bbox 760 2871 833 2923; x_wconf 80' lang='lat' dir='ltr'>suos</span> <span class='ocrx_word' id='word_1_180' title='bbox 854 2865 1056 2940; x_wconf 88' lang='lat' dir='ltr'>praebuisset.</span> <span class='ocrx_word' id='word_1_181' title='bbox 1103 2865 1198 2926; x_wconf 79' lang='lat' dir='ltr'>Cuius</span> 
     </span>
     <span class='ocr_line' id='line_1_26' title="bbox 205 2966 1199 3043; baseline -0.002 -18"><span class='ocrx_word' id='word_1_182' title='bbox 205 2966 336 3043; x_wconf 91' lang='lat' dir='ltr'>supplici</span> <span class='ocrx_word' id='word_1_183' title='bbox 361 2966 420 3024; x_wconf 80' lang='lat' dir='ltr'>hoc</span> <span class='ocrx_word' id='word_1_184' title='bbox 447 2975 512 3024; x_wconf 88' lang='lat' dir='ltr'>erat</span> <span class='ocrx_word' id='word_1_185' title='bbox 534 2984 641 3041; x_wconf 85' lang='lat' dir='ltr'>genus.</span> <span class='ocrx_word' id='word_1_186' title='bbox 689 2966 787 3023; x_wconf 86' lang='lat' dir='ltr'>Missa</span> <span class='ocrx_word' id='word_1_187' title='bbox 811 2974 898 3023; x_wconf 88' lang='lat' dir='ltr'>erant</span> <span class='ocrx_word' id='word_1_188' title='bbox 921 2974 939 3023; x_wconf 76' lang='lat' dir='ltr'>a</span> <span class='ocrx_word' id='word_1_189' title='bbox 964 2967 1037 3025; x_wconf 80' lang='lat' dir='ltr'>Iove</span> <span class='ocrx_word' id='word_1_190' title='bbox 1061 2974 1199 3025; x_wconf 80' lang='lat' dir='ltr'>monstra</span> 
     </span>
     <span class='ocr_line' id='line_1_27' title="bbox 204 3064 1198 3143; baseline 0.002 -20"><span class='ocrx_word' id='word_1_191' title='bbox 204 3067 369 3143; x_wconf 81' lang='lat' dir='ltr'>quaedam,</span> <span class='ocrx_word' id='word_1_192' title='bbox 386 3065 489 3142; x_wconf 74' lang='lat' dir='ltr'>specie</span> <span class='ocrx_word' id='word_1_193' title='bbox 508 3064 654 3137; x_wconf 89' lang='lat' dir='ltr'>horribili,</span> <span class='ocrx_word' id='word_1_194' title='bbox 671 3083 751 3140; x_wconf 93' lang='lat' dir='ltr'>quae</span> <span class='ocrx_word' id='word_1_195' title='bbox 772 3065 874 3140; x_wconf 89' lang='lat' dir='ltr'>capita</span> <span class='ocrx_word' id='word_1_196' title='bbox 894 3065 1053 3143; x_wconf 87' lang='lat' dir='ltr'>virginum,</span> <span class='ocrx_word' id='word_1_197' title='bbox 1071 3086 1198 3143; x_wconf 89' lang='lat' dir='ltr'>corpora</span> 
     </span>
     <span class='ocr_line' id='line_1_28' title="bbox 204 3164 1198 3245; baseline 0 -20"><span class='ocrx_word' id='word_1_198' title='bbox 204 3167 362 3226; x_wconf 91' lang='lat' dir='ltr'>volucrum</span> <span class='ocrx_word' id='word_1_199' title='bbox 398 3165 564 3242; x_wconf 76' lang='lat' dir='ltr'>habebant.</span> <span class='ocrx_word' id='word_1_200' title='bbox 625 3166 696 3223; x_wconf 91' lang='lat' dir='ltr'>Hae</span> <span class='ocrx_word' id='word_1_201' title='bbox 733 3164 881 3237; x_wconf 72' lang='lat' dir='ltr'>volucres,</span> <span class='ocrx_word' id='word_1_202' title='bbox 921 3185 1000 3242; x_wconf 89' lang='lat' dir='ltr'>quae</span> <span class='ocrx_word' id='word_1_203' title='bbox 1040 3167 1198 3245; x_wconf 70' lang='lat' dir='ltr'>Harpyiae</span> 
     </span>
     <span class='ocr_line' id='line_1_29' title="bbox 205 3265 1198 3343; baseline -0.001 -19"><span class='ocrx_word' id='word_1_204' title='bbox 205 3266 447 3343; x_wconf 74' lang='lat' dir='ltr'>appellabantur,</span> <span class='ocrx_word' id='word_1_205' title='bbox 473 3266 592 3324; x_wconf 79' lang='lat' dir='ltr'>Phineo</span> <span class='ocrx_word' id='word_1_206' title='bbox 618 3283 767 3322; x_wconf 90' lang='lat' dir='ltr'>summam</span> <span class='ocrx_word' id='word_1_207' title='bbox 798 3265 970 3324; x_wconf 91' lang='lat' dir='ltr'>molestiam</span> <span class='ocrx_word' id='word_1_208' title='bbox 1000 3266 1198 3336; x_wconf 77' lang='lat' dir='ltr'>adferebant3</span> 
     </span>
     <span class='ocr_line' id='line_1_30' title="bbox 204 3364 1199 3443; baseline -0.003 -18"><span class='ocrx_word' id='word_1_209' title='bbox 204 3365 348 3443; x_wconf 74' lang='lat' dir='ltr'>quotiens</span> <span class='ocrx_word' id='word_1_210' title='bbox 364 3364 445 3424; x_wconf 90' lang='lat' dir='ltr'>enim</span> <span class='ocrx_word' id='word_1_211' title='bbox 461 3365 512 3423; x_wconf 88' lang='lat' dir='ltr'>ille</span> <span class='ocrx_word' id='word_1_212' title='bbox 524 3364 718 3435; x_wconf 82' lang='lat' dir='ltr'>accubuerat,</span> <span class='ocrx_word' id='word_1_213' title='bbox 736 3364 903 3424; x_wconf 70' lang='lat' dir='ltr'>veniebant</span> <span class='ocrx_word' id='word_1_214' title='bbox 918 3376 949 3424; x_wconf 89' lang='lat' dir='ltr'>et</span> <span class='ocrx_word' id='word_1_215' title='bbox 961 3366 1063 3425; x_wconf 88' lang='lat' dir='ltr'>cibum</span> <span class='ocrx_word' id='word_1_216' title='bbox 1079 3366 1199 3441; x_wconf 88' lang='lat' dir='ltr'>apposi-</span> 
     </span>
     <span class='ocr_line' id='line_1_31' title="bbox 203 3464 1198 3537; baseline -0.002 -12"><span class='ocrx_word' id='word_1_217' title='bbox 203 3476 269 3525; x_wconf 91' lang='lat' dir='ltr'>tum</span> <span class='ocrx_word' id='word_1_218' title='bbox 299 3464 403 3524; x_wconf 90' lang='lat' dir='ltr'>statim</span> <span class='ocrx_word' id='word_1_219' title='bbox 432 3465 643 3523; x_wconf 55' lang='lat' dir='ltr'>auferebant(</span> <span class='ocrx_word' id='word_1_220' title='bbox 679 3464 767 3537; x_wconf 92' lang='lat' dir='ltr'>Quae</span> <span class='ocrx_word' id='word_1_221' title='bbox 800 3484 869 3523; x_wconf 94' lang='lat' dir='ltr'>cum</span> <span class='ocrx_word' id='word_1_222' title='bbox 899 3466 942 3524; x_wconf 90' lang='lat' dir='ltr'>ita</span> <span class='ocrx_word' id='word_1_223' title='bbox 971 3473 1084 3535; x_wconf 88' lang='lat' dir='ltr'>essent,</span> <span class='ocrx_word' id='word_1_224' title='bbox 1115 3464 1198 3523; x_wconf 91' lang='lat' dir='ltr'>haud</span> 
     </span>
     <span class='ocr_line' id='line_1_32' title="bbox 204 3565 990 3642; baseline -0.004 -16"><span class='ocrx_word' id='word_1_225' title='bbox 204 3566 333 3626; x_wconf 91' lang='lat' dir='ltr'>multum</span> <span class='ocrx_word' id='word_1_226' title='bbox 355 3565 433 3625; x_wconf 72' lang='lat' dir='ltr'>afuit</span> <span class='ocrx_word' id='word_1_227' title='bbox 455 3573 529 3642; x_wconf 95' lang='lat' dir='ltr'>quin</span> <span class='ocrx_word' id='word_1_228' title='bbox 553 3565 688 3623; x_wconf 87' lang='lat' dir='ltr'>Phineus</span> <span class='ocrx_word' id='word_1_229' title='bbox 709 3565 791 3623; x_wconf 83' lang='lat' dir='ltr'>fame</span> <span class='ocrx_word' id='word_1_230' title='bbox 814 3572 990 3624; x_wconf 78' lang='lat' dir='ltr'>moreretur.</span> 
     </span>
    </p>
   </div>
   <div class='ocr_carea' id='block_1_7' title="bbox 0 0 1346 3942">
    <p class='ocr_par' dir='ltr' id='par_1_8' title="bbox 0 0 1346 3942">
     <span class='ocr_line' id='line_1_33' title="bbox 0 0 1346 3942; baseline 0 0"><span class='ocrx_word' id='word_1_231' title='bbox 0 0 1346 3942; x_wconf 95' lang='lat' dir='ltr'> </span> 
     </span>
    </p>
   </div>
  </div>
 </body>
</html>
