2684 3942
516 318 592 368 THE
614 318 821 367 RELATIVE.

164 495 288 561 propter
323 494 442 545 tantum
478 486 613 545 dedecus
650 494 745 544 iratus
782 485 833 543 diu
864 485 1001 544 laberem
1031 492 1158 543 recusat.

164 584 304 644 Tandem
319 585 371 643 ubi
387 584 532 663 magister
546 585 690 645 baculum
705 585 783 644 inter
799 585 907 644 dentes
922 584 1058 656 inseruit,
1075 583 1161 642 canis

164 691 366 760 ecbnspeetu
383 684 486 744 subitr')
500 685 596 762 iugit3
618 685 704 743 brevi
724 693 827 743 tamen
842 683 882 741 ad
896 683 1074 760 magistrum
1094 683 1161 742 sine

164 784 275 842 bacula
305 784 440 843 recurrit.
499 785 577 843 Tres
609 784 682 843 inde
715 790 836 842 menses
872 782 1016 860 magister
1050 783 1162 841 frustra

164 884 307 942 baculum
336 885 519 960 quaerebat3
558 891 667 960 quarti>
699 894 802 943 tamen
832 889 937 942 mense
973 882 1046 941 dum
1082 891 1162 942 servi

164 984 269 1041 fimum
291 1002 329 1043 ex
350 984 479 1043 stabulis
508 983 540 1042 in
569 992 659 1061 agras
688 992 906 1059 transportant,
930 982 1074 1041 baculum
1103 983 1160 1041 sub

165 1082 281 1160 ingenti
293 1084 356 1142 fimi
372 1091 482 1143 acerve}
497 1083 665 1143 inveniunt.

231 1215 388 1279 scipionem,
402 1217 526 1265 baculum.
731 1216 803 1267 mure
815 1216 873 1280 suu,
887 1230 926 1280 31,
939 1228 963 1280 3.

230 1299 313 1358 victis,
330 1311 367 1360 17,
380 1312 404 1362 3.
731 1300 847 1364 recusat,
859 1299 956 1356 abnuit,
970 1311 1009 1363 37,
1025 1311 1061 1347 ιο.

232 1383 350 1445 gerebat,
362 1383 469 1446 scribat.
732 1383 911 1446 &chnapectt‘u
925 1395 965 1442 41,
981 1395 1017 1441 14.

230 1465 359 1528 ligneum,
373 1478 413 1526 40,
429 1478 465 1514 ιο.
733 1465 1050 1526 brevi=brevitempore.

508 1625 557 1685 45.
597 1613 704 1669 Buried
722 1613 817 1669 Alive.

208 1741 256 1798 De
292 1739 401 1798 eudem
438 1740 570 1798 Rolh‘me
607 1740 691 1798 aliud
720 1749 751 1799 et
779 1738 948 1799 mirabilius
980 1739 1160 1799 invenimus.

166 1840 302 1916 Magnus
321 1849 444 1898 anatum
464 1859 539 1917 grex
560 1840 592 1898 iu
614 1840 683 1899 lacu
704 1839 838 1899 finitima
860 1840 994 1898 natabat.
1041 1840 1161 1898 Harum

165 1948 257 1997 unam
279 1938 365 1997 canis
387 1946 463 1998 miri>
486 1947 589 1998 ambre
611 1940 745 1998 fovebat.
800 1941 898 2015 Saepe
921 1939 1005 1997 iussu
1026 1938 1163 2016 magistri

165 2039 245 2096 hanc
267 2045 324 2097 sud
347 2045 399 2097 dre
421 2038 512 2098 etiam
534 2039 572 2097 ab
594 2039 736 2098 ulteriore
758 2039 895 2116 margine
913 2039 998 2097 lacus
1013 2038 1053 2096 ad
1068 2039 1162 2115 pedes

165 2137 232 2197 eius
260 2138 444 2214 reportabat.
498 2140 543 2197 Ea
568 2138 693 2214 quidem
722 2145 770 2198 res
799 2149 865 2197 erat
892 2138 1006 2215 gratior
1035 2147 1103 2196 cani
1133 2146 1164 2197 et
1215 2121 1217 2123 ’

165 2237 290 2297 domind
306 2256 398 2313 quam
414 2247 514 2311 anati;
537 2238 613 2298 haec
628 2238 721 2316 igitur
736 2247 846 2315 permis
865 2237 1058 2315 pedibusque
1076 2237 1163 2296 canis

166 2337 314 2413 impetum
329 2356 449 2413 semper
463 2338 611 2415 fugiebat.
656 2338 797 2397 Tandem
814 2337 905 2398 Rollu
921 2337 974 2397 tali
989 2337 1163 2414 pervicacia

166 2436 309 2496 defessus
324 2437 422 2496 solum
438 2437 470 2495 in
484 2438 573 2496 hortd
585 2438 694 2497 effudit
706 2447 888 2513 anatemque
901 2446 1001 2496 vivam
1013 2437 1161 2514 sepelivit,

166 2545 231 2596 sive
249 2536 389 2609 ludibria,
408 2556 462 2597 seu
480 2536 527 2616 (ut
545 2536 691 2614 magister
708 2537 852 2617 credidit)
870 2537 953 2613 quod
973 2556 1042 2596 eum
1063 2538 1163 2596 locum

167 2635 266 2714 magis
280 2636 426 2696 iddneum
440 2636 568 2714 putavit.

233 2768 393 2826 mirabilius,
403 2768 550 2827 cimirum,
559 2783 599 2830 41,
610 2783 647 2819 10.
733 2770 818 2836 iussit,
831 2782 871 2834 43,
887 2782 907 2835 5.

233 2849 364 2912 finitima,
378 2857 467 2901 vicina.
734 2853 860 2917 ludibria,
874 2852 906 2901 ci.
919 2853 1008 2910 lad-dr,
1024 2852 1061 2910 18,
1076 2867 1096 2900 1.

501 3052 586 3101 THE
611 3053 833 3103 RELATIVE.

214 3183 269 3249 24.
306 3186 351 3271 (a)
377 3184 451 3248 The
467 3185 623 3248 Relative
639 3185 667 3248 is
685 3187 768 3248 used
785 3196 819 3249 to
836 3186 933 3249 avoid
955 3186 1130 3269 repeating
1146 3207 1165 3249 a

167 3292 258 3355 word
276 3291 394 3378 (called
412 3292 456 3355 its
472 3294 687 3376 antecedent)
705 3294 839 3378 already
855 3294 938 3358 used
955 3314 1048 3359 once.

167 3431 258 3482 νίᾱοδ
271 3431 392 3492 mr'uum,
406 3447 494 3496 quem
507 3434 620 3485 Balbus
633 3433 811 3494 aedificavit,
823 3435 845 3487 J
854 3450 898 3485 see
915 3433 962 3486 tlte
979 3433 1058 3496 wall,
1074 3432 1165 3485 which

243 3531 355 3586 Balbus
373 3532 454 3588 built.
