2684 3942
561 326 801 375 ANECDOTES.
1146 322 1179 374 45

184 502 279 554 tetius
301 503 374 552 anni
396 493 497 570 spatie
519 502 712 569 parererant.
765 491 922 551 Facillime
943 499 981 551 ee
1002 499 1076 550 vase
1098 490 1180 550 istud

185 603 293 670 repum
309 593 533 654 continebatur.
578 595 692 653 Nenue
707 593 767 652 hec
783 592 934 652 somnium
948 591 1117 651 mirebilius
1128 591 1180 651 ille

185 693 328 754 iudicatis
339 697 349 754 ?
360 695 377 721 '³
416 696 457 753 At
469 693 585 767 tertius,
598 702 649 769 qui
661 695 738 753 haec
750 693 842 752 tacite
855 693 1020 765 audiverat,
1034 693 1179 764 “Certe’'

185 794 294 871 inquit,
313 801 468 871 “uterque
484 803 618 853 vestrum
633 813 697 853 rem
713 792 883 852 mirebilem
905 792 1039 851 narravit
1058 800 1180 868 penem·

186 913 246 971 que
261 894 341 953 bene
356 894 475 953 meruit.
521 893 601 951 Mihi
616 903 720 952 tamen
739 893 854 969 aliquid
876 902 984 950 mirum
1004 902 1103 951 visum
1123 902 1178 951 est.

187 997 267 1053 Nam
290 994 321 1052 in
344 1001 452 1053 somne
476 993 525 1074 (ut
545 993 721 1073 videbetur)
743 993 933 1065 esuriebam,
955 1001 1067 1069 panem
1089 991 1181 1070 igitur

186 1094 360 1153 devorevi.’'

252 1227 343 1277 visum
354 1228 407 1291 est,
419 1226 451 1275 fr.
465 1227 558 1275 videor.
725 1229 756 1278 οὗ
767 1228 833 1277 vise
840 1227 907 1272 =in
918 1231 945 1273 ee
956 1231 1021 1273 πᾶσι.

252 1309 352 1375 spatie,
365 1317 481 1373 tempore.
725 1310 888 1374 esuriebam,
894 1310 994 1373 samem
1008 1308 1134 1357 habebam.

507 1486 555 1546 5⁰·
595 1473 656 1529 The
674 1473 862 1543 Lighthouse.

230 1619 267 1676 In
289 1625 327 1677 ee
349 1626 436 1694 parte
457 1616 633 1675 Britanniae
653 1634 732 1692 quae
755 1616 795 1674 ad
816 1615 1041 1692 septentrienes
1064 1625 1182 1692 spectat

187 1718 258 1777 litus
287 1717 423 1794 undique
452 1716 578 1794 rupibus
607 1716 783 1793 asperrimis
818 1715 998 1774 continetur.
1058 1717 1181 1774 Incolae

187 1817 287 1896 igitur,
305 1816 388 1893 quod
403 1815 446 1875 ibi
461 1817 575 1875 multae
591 1823 687 1875 naves
702 1815 895 1892 naufragium
912 1816 1060 1887 fecerunt,
1076 1816 1181 1874 turrim

188 1916 375 1989 altissimam,
406 1935 486 1992 quae
522 1917 636 1992 pharus
672 1915 851 1991 appelletur,
882 1915 1016 1991 quadam
1046 1916 1078 1972 in
1107 1925 1181 1993 rupe

188 2017 435 2076 aedificaverunt.
482 2018 575 2075 Hanc
600 2017 706 2074 turrim
732 2014 916 2074 habitabant
942 2033 1036 2074 senex
1061 2024 1092 2073 et
1117 2016 1182 2073 iilia

187 2117 254 2176 eius
269 2135 371 2193 parva,
388 2125 441 2192 qui
456 2125 549 2175 noctu
564 2134 684 2192 semper
699 2115 905 2174 incendebant
919 2114 1082 2186 lucernam,
1096 2115 1182 2174 cuius

187 2217 290 2275 lumen
312 2235 404 2292 saepe
427 2225 537 2275 nautas
560 2216 598 2275 de
620 2215 757 2292 pericule
779 2215 1005 2292 praemonebat.
1050 2217 1092 2274 At
1110 2223 1182 2274 nen-

188 2335 353 2392 numquam
375 2325 422 2374 vis
448 2315 640 2392 tempestatis
669 2315 791 2374 labetes
820 2323 980 2373 nautarum
1009 2324 1180 2390 exsuperat,

187 2425 219 2497 et
247 2416 335 2475 nevis
361 2416 467 2474 infelix
492 2424 545 2474 aut
570 2415 627 2474 sub
653 2415 744 2489 undis
770 2422 803 2473 se
829 2413 946 2491 mergit,
972 2424 1024 2473 aut
1049 2414 1183 2491 scopulis

187 2515 362 2575 crudelibus
383 2515 565 2574 adflictetur.

203 2649 298 2714 turris,
311 2664 351 2710 40,
367 2663 387 2696 1.
711 2649 866 2712 exsuperat,
879 2647 911 2696 cf.
923 2648 1086 2710 mpcrdbunt,
1099 2647 1122 2704 6,
1135 2648 1158 2697 6.

205 2733 391 2792 incendebant,
408 2732 445 2789 16,
458 2731 481 2781 6.
712 2731 819 2796 mergit,
834 2745 872 2788 22,
886 2745 908 2792 7.

204 2817 406 2880 praemonebat,
420 2815 452 2864 cf.
465 2817 572 2872 monuit,
586 2829 624 2874 24,
637 2829 660 2875 4.
714 2815 841 2878 scopulis
857 2813 895 2871 26,
908 2828 932 2874 4.

408 3009 455 3069 51.
496 2996 557 3052 Tne
576 2994 962 3066 Lighthouse-continued.

231 3142 368 3199 Fuerunt
403 3140 475 3200 elim
511 3140 623 3197 multes
659 3138 726 3197 dies
761 3137 925 3197 continuae
962 3145 1182 3213 tempestates,

188 3240 314 3300 tandem
335 3239 401 3298 dies
420 3239 603 3315 tranquillus
623 3237 768 3297 succedit.
814 3239 941 3312 Iamque
956 3238 1062 3314 procul
1077 3245 1094 3296 e
1109 3248 1183 3297 turri

188 3339 333 3399 custedes
369 3348 512 3416 magnam
549 3337 702 3413 aspiciunt
731 3345 849 3408 navem,
880 3356 959 3412 quae
988 3337 1020 3395 in
1049 3338 1183 3414 scopulis

187 3440 311 3511 haeret3
341 3458 411 3497 mox
440 3438 531 3497 etiam
560 3445 677 3514 pauces
698 3436 804 3495 vident
825 3445 943 3508 nautaS,
967 3444 1019 3511 qui
1041 3435 1182 3493 manibus

189 3547 278 3617 signa
292 3539 368 3599 dant
383 3538 590 3614 auxiliumque
605 3546 723 3614 petunt.
767 3537 846 3594 Tum
857 3535 944 3612 virge
959 3533 1097 3592 animesa
1112 3551 1181 3591 cum
