2684 3942
177 257 225 310 104
507 261 584 310 THE
607 260 845 310 ARGONAUTS.

178 429 381 506 Intellegebat
393 429 475 488 enim
491 439 609 506 patrem
621 449 710 489 suum
726 430 808 488 hunc
820 428 956 489 laborem
972 427 1172 505 proposuisse

177 537 213 589 eo
244 528 313 606 ipso
342 529 482 602 consilio,
509 540 543 589 ut
568 533 661 589 Iason
691 536 866 588 moreretur.
912 529 1000 602 Quae
1030 547 1100 587 cum
1129 527 1172 586 ita

118 641 124 657 “
176 639 288 701 essent,
307 630 428 702 Medea,
447 649 526 706 quae
545 624 695 688 summam
711 629 873 687 scientiam
889 628 1061 688 medicinae
1080 629 1171 687 habe

175 731 237 802 bat,
251 730 310 789 hoc
320 729 481 789 consilium
498 730 574 789 iniit.
620 729 726 788 Medio
741 738 833 788 nocte
849 728 928 787 clam
943 737 1030 805 patre
1043 747 1080 787 ex
1095 729 1170 788 urbe

175 831 290 901 evosit3
324 840 355 889 et
378 840 541 907 postquam
566 830 597 887 in
620 836 740 888 montes
763 827 912 888 finitimos
938 829 1030 900 venit,
1057 828 1170 888 herbos

175 931 325 1007 quosdam
340 930 475 1005 carpsit3
498 940 562 989 tum
585 937 659 989 soco
675 936 824 1005 expresso
840 938 1028 1006 unguentum
1051 929 1170 1004 parovit

175 1031 257 1107 quod
279 1039 310 1088 vi
331 1038 387 1089 sue
409 1049 520 1106 corpus
543 1030 637 1089 aleret
658 1037 831 1104 nervosque
847 1029 1051 1087 confirmaret.
1098 1030 1169 1088 Hoc

173 1130 257 1189 facto
282 1133 387 1189 losoni
411 1139 599 1207 unguentum
623 1128 725 1188 dedit:
758 1128 915 1205 praecepit
938 1138 1049 1201 autem,
1075 1138 1109 1187 ut
1130 1136 1169 1188 eo

173 1230 232 1302 die,
249 1237 311 1306 quo
332 1231 383 1289 isti
405 1231 526 1289 labores
548 1228 734 1288 conficiendi
756 1237 869 1297 essent,
894 1247 1115 1304 corpus,suum
1138 1238 1170 1287 et

174 1349 257 1388 arma
272 1340 362 1389 mone
378 1330 537 1389 oblineret.
583 1331 686 1401 loson,
704 1338 761 1388 etsi
782 1347 880 1404 paene
896 1335 1004 1387 omnes
1019 1328 1168 1405 mognito·

174 1430 245 1489 dine
269 1439 301 1489 et
322 1429 437 1488 viribus
461 1430 598 1505 corporis
617 1429 830 1501 antecellebat,
847 1437 909 1488 vita
924 1428 1005 1488 enim
1021 1428 1120 1487 omnis
1136 1429 1167 1486 in

173 1529 388 1589 venetionibus
418 1539 509 1605 atque
535 1530 567 1587 in
597 1529 708 1588 studiis
737 1537 781 1587 rei
810 1528 949 1588 militeris
978 1527 1166 1601 constiterat,

173 1631 321 1689 censebat
334 1640 437 1689 tamen
453 1631 512 1689 hoc
528 1629 691 1689 consilium
706 1637 769 1688 non
786 1628 1010 1707 neglegendum
1025 1646 1103 1687 esse.
1188 1652 1193 1659 ·

380 1910 444 1966 126.
485 1911 604 1982 sowing
625 1913 677 1967 the
695 1911 839 1981 Dragon’s
858 1910 958 1966 Teeth.

215 2099 279 2159 Ubi
295 2098 321 2157 is
333 2097 399 2158 dies
415 2097 498 2157 venit
515 2118 604 2174 quem
620 2105 672 2158 rex
685 2099 725 2157 ad
741 2098 889 2156 arandum
901 2117 1007 2175 agrum
1020 2100 1165 2172 edixerat,

174 2204 267 2259 loson
282 2208 349 2259 orta
369 2199 436 2258 loce
452 2219 521 2258 cum
537 2199 628 2258 sociis
644 2199 684 2257 ad
708 2200 808 2257 locum
828 2198 1028 2258 constitutum
1048 2206 1081 2258 se
1096 2219 1167 2258 con-

173 2301 249 2359 tulit.
295 2299 343 2358 Ibi
366 2299 519 2358 stabulum
539 2299 648 2376 ingens
670 2299 805 2375 repperit
826 2298 938 2374 inquo
957 2308 1036 2358 tauri
1058 2299 1166 2359 inclosi

173 2411 259 2459 erant
274 2423 279 2458 :
302 2410 367 2458 tum
381 2409 477 2475 portis
494 2408 608 2475 apertis
623 2407 728 2458 tauros
740 2399 771 2456 in
786 2399 885 2458 locem
901 2398 993 2459 troxit
1002 2409 1033 2459 et
1047 2408 1166 2460 summo

173 2520 242 2559 cum
257 2500 436 2559 difficultote
452 2499 556 2576 iugum
571 2481 726 2575 imposuit.
771 2502 813 2557 At
829 2501 951 2571 Aeetes,
965 2518 1034 2558 cum
1049 2499 1167 2559 videret

172 2608 277 2659 tauros
299 2599 375 2658 nihil
397 2609 504 2658 contro
532 2602 675 2658 Iasonem
697 2600 806 2672 valere,
831 2607 1017 2675 magnopere
1039 2608 1166 2659 miratus

173 2711 237 2772 est3
271 2700 429 2760 nesciebat
458 2699 539 2760 enim
567 2699 664 2756 filiam
694 2698 953 2757 suamauxilium
978 2708 1007 2759 ei
1033 2700 1165 2760 dedisse.

173 2803 252 2859 Tum
279 2803 372 2860 loson
399 2800 541 2860 omnibus
562 2788 784 2874 aspicientibus
809 2817 914 2875 agrum
939 2808 1024 2858 arere
1048 2800 1167 2877 coepit;

173 2910 234 2977 quo
256 2901 286 2959 in
311 2908 343 2959 re
365 2910 482 2960 tantam
498 2900 690 2976 diligentiam
708 2899 858 2975 praebuit,
876 2910 908 2957 ut
923 2910 995 2958 ante
1010 2900 1167 2960 meridiem

171 3009 270 3060 totum
296 3020 373 3077 opus
399 2999 574 3059 confecerit.
621 3001 693 3058 Hoc
721 2999 814 3069 facto,
842 2999 881 3057 ad
911 2999 1010 3058 locum
1037 2999 1089 3059 ubi
1115 3007 1168 3058 rex

173 3100 301 3159 sedebat
328 3099 403 3158 adiit
429 3109 460 3158 et
486 3100 595 3158 dentes
621 3098 765 3158 draconis
792 3098 976 3173 postulavit:
1010 3106 1088 3175 quos
1114 3099 1167 3160 ubi

173 3199 300 3278 accepit,
322 3198 352 3255 in
376 3217 482 3275 agrum
505 3217 596 3275 quem
619 3207 758 3257 aroverat
781 3205 892 3275 mogno
916 3216 985 3256 cum
1009 3198 1168 3275 diligentie

173 3299 294 3375 sporsit.
342 3300 462 3357 Horum
486 3307 587 3356 autem
609 3297 748 3356 dentium
771 3306 879 3355 natura
899 3307 965 3355 erat
984 3297 1055 3357 telis
1078 3308 1119 3370 ut
1136 3298 1168 3356 in

173 3406 211 3458 eo
233 3398 301 3457 loco
323 3397 376 3454 ubi
398 3396 481 3455 insiti
503 3405 615 3469 essent,
632 3396 689 3455 viri
704 3405 813 3455 armeti
828 3403 905 3455 miro
920 3395 1055 3473 quodam
1075 3398 1169 3458 modo

172 3504 379 3574 gignerentur.
