2684 3942
564 301 804 350 ANECDOTES.

471 548 519 605 26.
559 551 620 606 The
639 551 793 607 Vulture’e
812 551 896 608 lieet.

230 695 339 754 Voltur
357 694 428 753 elim
446 695 576 754 finxerat
594 694 699 753 nidum
721 695 753 752 in
777 695 837 754 alte
860 704 890 755 et
912 705 1075 772 praerupte
1098 705 1181 773 nipe.

191 797 253 853 Hic
279 795 331 853 din
357 795 480 870 impflne
506 801 629 853 teneres
653 794 753 870 pulles
777 794 886 854 alebat.
933 797 1032 872 Saepe
1056 796 1183 856 iuvenes

190 896 371 954 descensum
387 894 426 952 ad
442 894 547 952 nidum
558 903 759 966 tenteverant‚
777 904 808 953 at
818 895 939 966 fnestra,
951 896 1024 972 quia
1034 915 1183 973 praeceps

190 994 333 1070 scopulus
359 994 538 1053 imminebat
563 1004 594 1053 et
623 994 739 1053 lebrica
769 1013 843 1052 saxa
868 995 997 1072 vestigia
1024 996 1182 1055 fallebant.

191 1095 331 1153 Tandem
346 1113 441 1153 senex
456 1095 582 1153 iuvenes
597 1094 646 1153 his
661 1094 763 1154 verbis
779 1093 898 1153 deridet
911 1119 918 1167 ;
955 1102 972 1128 “
983 1097 1053 1168 Cer,
1070 1105 1182 1173 ignavi,

190 1195 358 1271 periculum
388 1194 521 1253 timetis?
559 1198 651 1253 ecce!
689 1213 758 1253 mea
787 1214 881 1270 parva
911 1195 978 1253 filia
1011 1195 1050 1254 ad
1084 1196 1183 1255 locum

191 1295 387 1354 descendet.'’
433 1297 565 1353 Iuvenes
588 1302 645 1353 etsi
667 1312 732 1353 rem
752 1293 802 1353 vix
824 1295 961 1368 credunt,
978 1305 1081 1355 tamen
1102 1315 1185 1354 man-

191 1396 264 1454 data
278 1395 344 1452 eius
364 1403 522 1471 peragunt.
569 1395 686 1471 Megna
706 1413 837 1470 quercus
860 1395 1058 1470 impendebat
1079 1384 1184 1472 scopu·

191 1495 221 1554 le
235 1519 241 1566 ;
264 1495 336 1552 huic
349 1495 455 1553 limem
471 1503 578 1570 aptant
592 1504 623 1553 et
637 1493 740 1552 omnia
755 1504 872 1570 parant.

257 1627 383 1691 finxerat,
395 1626 464 1675 from
474 1627 555 1690 finge.
780 1627 894 1692 lebrica,
910 1640 947 1689 17,
961 1640 982 1693 5.

258 1711 312 1775 hic,
325 1713 354 1758 in
366 1711 411 1759 hec
425 1712 482 1758 loce.
780 1711 885 1775 milvi,
901 1724 922 1765 1,
937 1725 957 1759 1.

256 1795 439 1858 tenteverant,
453 1808 491 1851 21,
506 1807 527 1860 5.
782 1807 850 1860 ecce,
866 1808 903 1851 12,
916 1794 939 1843 8.

374 2005 422 2065 27.
462 1993 523 2048 The
542 1993 695 2049 Vulture’e
715 1993 996 2049 lieet-continued.

235 2141 300 2197 Iam
323 2157 417 2197 senex
439 2144 546 2197 tenere
568 2146 688 2213 corpori
703 2137 830 2214 virginis
852 2138 957 2197 lenem
979 2145 1068 2197 caute
1091 2149 1183 2214 aptat.
1224 2217 1227 2221 Δ
1286 2188 1290 2195 .

192 2240 271 2297 Tum
295 2258 349 2297 sex
377 2237 470 2296 validi
499 2237 625 2296 iuvenes
655 2256 723 2296 eam
752 2256 790 2296 ex
819 2237 879 2295 alta
909 2247 983 2312 repe
1012 2238 1183 2299 demittunt.

192 2339 308 2398 Omnes
326 2337 411 2397 taciti
431 2344 574 2396 eventum
595 2346 795 2413 exspectant3
820 2346 851 2396 at
871 2336 922 2395 illa
942 2345 1049 2396 secflra
1068 2339 1185 2397 aerium

191 2438 248 2498 iter
277 2438 376 2515 pergit
404 2447 435 2497 et
463 2445 576 2514 megne
605 2444 697 2496 conte
726 2436 867 2496 defendit
896 2445 1002 2496 acfltes
1031 2439 1182 2514 scopules.

193 2541 259 2598 Iam
274 2537 413 2615 pervenit
428 2537 467 2595 ad
483 2537 588 2596 nidum
603 2546 634 2597 et
649 2538 756 2596 dextre
779 2555 907 2612 parvum
922 2538 1070 2597 volturem
1090 2548 1183 2599 tenet.

193 2639 301 2698 Statim
316 2640 369 2697 dat
384 2647 503 2715 signum
519 2637 642 2696 redites.
689 2639 730 2695 At
747 2646 834 2713 pater
854 2637 952 2696 voltur
973 2638 1058 2697 audit
1077 2646 1184 2698 vecem

191 2740 285 2815 prelis
301 2749 331 2798 et
345 2745 458 2815 megne
474 2738 617 2814 clangere
643 2737 775 2813 puellam
794 2735 879 2813 petit.
924 2738 981 2796 llla
998 2748 1109 2811 tamen,
1126 2749 1184 2798 etsi

191 2849 275 2899 saevi
299 2839 381 2898 {alitis
405 2845 523 2915 ungues
546 2845 669 2897 teneras
693 2846 801 2895 mansis
826 2837 1003 2910 dilacerant,
1027 2839 1124 2898 cultre
1151 2848 1183 2898 se

191 2938 330 2998 defendit
359 2957 416 2997 nec
446 2936 591 3014 praedam
620 2936 760 2996 demittit.
827 2939 893 2995 Iam
922 2938 1049 2997 iuvenes
1078 2939 1184 2998 vident

190 3039 358 3116 periculum
378 3038 497 3114 puellae
515 3037 767 3115 ingeminantque
788 3038 932 3097 laberem.
989 3040 1063 3098 Mox
1085 3039 1183 3098 laetus

190 3149 277 3215 pater
292 3139 441 3198 audecem
455 3137 551 3196 filiam
567 3138 708 3214 amplexi]
723 3147 814 3197 tenet.
1140 3124 1142 3127 ¹

256 3273 321 3336 iamt
335 3285 358 3332 7›
374 3285 394 3319 Ῑ·
777 3271 858 3335 petit»
874 3284 911 3335 ¹3⁹
924 3284 938 3332 7

255 3354 354 3420 pergit,
371 3353 407 3411 16,
422 3367 443 3418 5.
777 3355 840 3419 etsi,
855 3355 893 3411 26,
907 3367 930 3416 7.

255 3440 358 3503 aetiten,
372 3436 405 3485 ef.
417 3438 492 3493 acuit,
505 3449 541 3499 19,
554 3449 577 3496 7.
776 3437 863 3502 alitis,
876 3439 939 3485 avis.

255 3520 349 3587 prelis,
363 3520 507 3582 pallarum,
522 3518 560 3575 26,
575 3532 597 3566 2.
776 3520 871 3582 cultre,
886 3533 925 3581 19,
936 3517 960 3570 6.
