2684 3942
542 293 782 342 ANECDOTES.
1128 291 1160 343 55

164 470 330 538 antequam
355 469 453 520 mater
480 460 603 519 tertium
631 461 783 518 ¹infantem
813 459 922 519 eedem
950 459 1043 519 modo
1072 469 1160 520 morti

163 560 286 620 obiecit.

206 661 285 720 Inde
315 659 368 719 ubi
399 669 621 719 convocaverat
649 667 839 737 propinques
870 660 967 719 iatum
997 659 1161 720 libererum
1200 689 1203 694 .

164 778 312 837 suamque
326 760 431 836 fugam
448 760 589 819 narravit.
627 761 707 818 Turn
723 760 873 818 maximus
889 768 970 832 natu,
983 759 1056 818 dum
1068 766 1161 818 ceteri

163 861 288 920 horrore
314 859 522 935 obstupefacti
547 869 640 932 sunt,
675 860 751 917 “Tu
776 869 836 918 tuis
862 860 1061 932 infantibuS,'’
1084 867 1161 919 vece

163 961 263 1037 inquit
275 960 410 1032 terribili,
425 967 512 1018 “non
524 960 674 1035 parcebas
684 984 690 1031 ;
708 978 766 1018 nec
777 978 835 1037 ego
845 959 901 1019 tibi
912 979 994 1018 nunc
1005 960 1160 1036 parcam.’'

166 1063 255 1120 Haec
267 1060 320 1120 ubi
332 1061 458 1132 dixerat,
470 1069 578 1132 seciiri,
590 1078 683 1136 quam
696 1069 788 1118 marni
800 1060 934 1132 tenebat,
946 1069 1039 1136 caput
1050 1059 1162 1136 impiae

165 1160 269 1220 mitris
283 1160 444 1237 percussit.

214 1310 300 1373 atrdx,
315 1310 424 1366 crodile,
438 1322 478 1375 24,
493 1324 512 1357 1.
757 1272 920 1373 ingeminat,
934 1322 973 1369 27,
989 1322 1026 1357 ιο.

215 1391 424 1457 dilaniiverant,
433 1390 656 1451 cf.dz·velle'bot,24‚
667 1405 689 1439 2.
757 1393 896 1456 parcebes,
911 1404 949 1456 59,
962 1405 984 1455 9.

215 1475 366 1540 instabant,
382 1488 403 1532 1,
418 1487 439 1540 5.
756 1474 900 1540 percussit,
913 1475 982 1523 from
989 1476 1111 1537 percutz'ri.

509 1714 557 1788 63.
597 1716 624 1771 Α
642 1716 724 1773 cat‘s
743 1716 824 1772 Paw.

209 1875 319 1954 Apicio
332 1883 502 1948 mercatori
515 1885 567 1953 qui
581 1878 706 1952 Capuae
717 1876 848 1945 vivebat,
861 1895 898 1934 ex
911 1878 1052 1954 Aegypto
1061 1876 1162 1947 felem,

167 1977 286 2035 simiam
302 1997 340 2035 ex
356 1976 454 2054 Libye
470 1995 544 2035 suae
563 1983 658 2035 neves
678 1985 968 2053 transportaverant.
1015 1978 1085 2035 Hae
1101 1976 1163 2052 qui·

167 2076 238 2136 dem
252 2076 370 2135 bestiae
387 2077 444 2135 sub
460 2084 542 2135 tecto
557 2076 736 2135 mercatoris
752 2075 992 2134 concordissime
1008 2076 1162 2147 vivebant,

166 2177 256 2253 longe
280 2187 383 2236 tamen
406 2176 491 2235 aliud
512 2176 570 2234 ruit
592 2185 751 2251 utriusque
773 2171 939 2253 ingenium.
985 2175 1043 2234 illa
1057 2183 1165 2234 natiue

165 2276 281 2335 tardior
310 2285 453 2354 magnam
480 2275 540 2334 diei
566 2285 685 2352 partem
711 2276 901 2345 dormiebat;
933 2276 1011 2334 haec
1037 2275 1165 2334 alacrior

166 2376 310 2436 comitem
326 2376 468 2435 stolidam
485 2395 577 2452 saepe
593 2395 649 2452 per
663 2375 732 2434 ioca
743 2377 882 2434 vexabat.
928 2377 1019 2434 Forte
1035 2375 1164 2451 Apicius

166 2485 328 2536 castaneas
345 2476 511 2552 aliquando
534 2484 604 2553 igne
625 2476 768 2535 torrebat.
816 2478 883 2534 Has
900 2476 952 2533 ubi
967 2475 1051 2534 videt
1066 2476 1163 2547 simia,

166 2577 206 2636 ad
218 2586 323 2654 ignem
342 2577 462 2636 accedit
483 2576 643 2653 avidisque
665 2577 762 2635 oculis
786 2582 880 2634 nuces
903 2576 1057 2634 observat.
1103 2575 1165 2634 Diri

141 2692 147 2699 ·
166 2676 272 2737 haeret
282 2678 413 2746 incerta;
431 2677 536 2736 dulces
549 2694 736 2752 quamquam
745 2676 849 2752 fruges
859 2675 992 2734 animum
1006 2675 1163 2748 adliciunt,

165 2777 302 2835 fervidus
318 2776 397 2853 ignis
412 2785 431 2834 e
445 2777 527 2835 iirrto
548 2776 690 2835 deterret.
736 2775 845 2834 Subito
861 2786 953 2833 marni
968 2776 1068 2847 felem,
1086 2794 1164 2850 quae

166 2885 237 2934 ante
253 2885 354 2953 ignem
370 2884 453 2935 more
470 2883 526 2935 sue
542 2875 722 2943 dormiebat,
740 2874 819 2950 rapit
834 2884 865 2934 et
883 2875 962 2951 pede
981 2875 1047 2933 eius
1068 2885 1165 2933 casta-

166 2983 242 3034 neas
256 2976 434 3054 singillatim
450 2994 487 3034 ex
502 2985 573 3052 igne
590 2975 731 3034 detrahit.
770 2975 891 3033 Deinde
904 2975 976 3033 dum
989 2975 1041 3033 illa
1052 2982 1165 3052 magno

164 3075 280 3153 gemitu
295 3085 400 3135 casum
417 3076 565 3153 deplorat,
582 3074 649 3153 ipsa
664 3081 760 3133 nuces
775 3081 883 3148 secura
897 3074 1031 3133 devorat.

231 3224 318 3290 aliud,
331 3225 463 3273 dissimile.
481 3207 483 3213 Ι
756 3223 870 3288 accedit,
883 3229 1078 3287 appropinquat.

231 3308 343 3373 tardior,
356 3309 478 3356 stolidior.
756 3308 858 3370 cisum,
872 3307 991 3355 dolorem.

231 3393 360 3457 torrebat,
377 3392 414 3450 16,
427 3391 450 3440 6.
756 3392 858 3454 secirra,
873 3402 911 3450 27,
926 3403 948 3454 3.
