2684 3942
555 280 795 334 ANECDOTES.
1140 283 1171 338 75

177 448 308 510 occurrit
323 468 439 528 pauper
462 451 587 527 quidam
609 461 640 511 et
662 452 779 529 aliquid
805 461 922 530 argenti
946 453 985 512 ab
1011 461 1048 513 co
1074 454 1170 530 petiit.

179 551 247 610 “Id
269 551 325 610 tibi
347 551 476 611 libenter
498 551 610 624 dabo‚’'
629 552 790 629 respondit
810 552 869 626 ille,
888 560 943 612 “si
963 554 1049 613 voles
1070 573 1171 613 meum

177 650 352 727 sepulcrum
368 650 434 710 dies
450 658 617 727 noctesque
632 659 695 711 tres
711 652 895 712 custodire.’'
936 653 1058 727 Quibus
1070 654 1172 719 verbis

178 750 339 827 pecuniam
354 751 442 810 alteri
455 751 581 811 tradidit
596 762 627 811 et
642 752 746 811 statim
761 759 778 811 e
793 761 856 812 vita
871 752 1022 813 discessit.

243 901 360 966 segetes,
372 905 439 963 agri.
733 914 941 965 umquamne:
953 918 1015 950 num
1028 919 1160 967 umquam.

243 984 338 1048 bibus,
350 984 418 1032 from
430 984 478 1032 bus.
733 986 842 1049 egenos,
858 999 895 1045 14,
910 999 931 1033 1.

244 1067 359 1132 nummi,
369 1069 488 1130 perimit.
733 1069 862 1133 recenset,
874 1073 956 1117 sicum
970 1070 1115 1118 considerat.

390 1291 437 1349 86.
477 1292 504 1347 A
522 1293 601 1348 Herd
619 1292 958 1364 Burgum—continued.

220 1438 299 1498 Inde
320 1456 437 1514 pauper
459 1437 547 1496 iustis
569 1435 751 1497 funebribus
771 1438 958 1514 perfunctus,
975 1438 1058 1515 quod
1081 1438 1172 1498 fidem

178 1538 282 1597 datam
297 1536 410 1597 violare
426 1535 531 1609 noluit,
548 1556 603 1614 per
618 1536 696 1596 duas
711 1544 817 1596 noctes
833 1538 1005 1614 sepulcrum
1021 1538 1172 1615 agricolae

178 1637 381 1698 custodiebat.
434 1636 538 1697 Tertia
566 1647 668 1696 tamen
700 1646 790 1696 nocte
821 1639 907 1696 Mors
936 1638 1004 1714 ipsa
1033 1639 1174 1715 apparuit

177 1738 299 1798 funebri
314 1747 400 1797 veste
415 1737 530 1810 induta,
544 1746 575 1797 et
589 1755 701 1813 corpus
718 1737 776 1796 sibi
788 1737 868 1796 tradi
879 1738 977 1797 iussit.
1016 1741 1048 1797 Is
1061 1749 1171 1812 autem,

178 1847 237 1898 etsi
259 1837 361 1915 capilli
382 1857 455 1914 prae
477 1846 561 1896 metu
586 1837 777 1908 horruerunt,
802 1844 946 1913 promissi
971 1845 1034 1897 non
1059 1839 1173 1899 oblitus

179 1939 312 1997 Mortem
327 1937 370 1997 ita
384 1937 544 1998 adlocutus
559 1946 614 1996 est.
661 1943 679 1972 “
690 1936 849 2013 Equidem,
862 1939 956 2010 Mors,
970 1938 1030 1998 hoc
1042 1939 1173 1998 cadaver

177 2037 234 2097 tibi
249 2037 418 2097 concedam
432 2061 439 2110 3
469 2044 575 2114 repeto
586 2047 689 2097 tamen
701 2045 757 2113 pro
769 2038 823 2096 tali
835 2046 959 2096 munere
974 2047 1093 2098 tantum
1108 2049 1173 2097 auri

179 2146 328 2214 quantum
343 2156 381 2196 ex
396 2146 472 2196 meis
487 2138 645 2197 cothurnis
665 2136 793 2196 alterum
813 2138 1040 2214 compleverit.”
1086 2140 1173 2198 Mors

178 2245 242 2298 non
267 2238 384 2314 respuit
413 2236 636 2297 condicionem.
696 2237 774 2296 Inde
804 2237 876 2295 dum
904 2238 982 2296 haec
1010 2238 1172 2315 pecuniam

179 2337 314 2411 arcessit,
332 2337 381 2397 ille
397 2337 494 2397 cultro
510 2346 603 2396 imum
619 2337 802 2419 cothurnum
822 2337 965 2413 perforat.
1012 2339 1108 2397 Haud
1131 2338 1174 2396 ita

178 2439 274 2497 multo
306 2447 377 2514 post
411 2439 497 2496 Mors
526 2456 666 2515 regressa
694 2444 887 2495 nummorum
917 2456 1050 2511 saccum,
1083 2457 1173 2513 quem

178 2536 352 2614 reportavit,
370 2536 400 2594 in
416 2538 597 2596 cothurnum
614 2536 731 2596 effudit.
778 2537 891 2595 Mirata
906 2537 990 2612 quod
1005 2539 1173 2598 cothurnus

179 2637 316 2696 nondum
338 2636 508 2713 completus
530 2646 585 2708 est,
607 2637 735 2695 alterum
758 2655 881 2695 saccum
904 2637 1005 2713 priore
1028 2638 1172 2697 maiorem

179 2737 346 2796 arcessivit.
391 2736 531 2795 Tandem
547 2746 711 2813 postquam
727 2743 766 2794 ne
781 2736 832 2794 hic
847 2734 972 2812 quidem
991 2739 1173 2796 cothurnum

178 2836 332 2914 complere
344 2835 448 2908 valuit,
461 2837 533 2895 dum
546 2836 667 2895 tertium
685 2855 808 2894 saccum
824 2836 958 2909 arcessit,
977 2837 1040 2896 sole
1056 2838 1173 2897 oriente

179 2947 310 3013 excepta
324 2937 499 2996 necessario
514 2937 619 3013 fugere
635 2944 743 2995 coacta
758 2946 813 2995 est.

245 3086 351 3152 inditia,
364 3091 459 3134 vestita.
735 3085 850 3149 respuit,
863 3086 959 3144 abnuit,
973 3099 1011 3151 37,
1025 3087 1058 3135 ad
1070 3087 1112 3137 fin.

244 3170 394 3234 adlocutus,
406 3169 475 3217 from
486 3170 616 3233 adloquor.
735 3169 859 3234 arcessit,
872 3170 964 3233 adfert.

245 3253 368 3318 cadaver,
382 3259 478 3314 corpus.
734 3265 865 3318 regressa,
878 3251 910 3317 85
934 3265 955 3317 5.

231 3322 363 3402 ‘munera
376 3336 497 3399 beneficio.
733 3337 857 3401 excepta,
871 3336 1032 3398 diprelrinsa.

245 3420 371 3485 alierum,
384 3425 475 3468 tinum.
734 3421 837 3485 coicis,
849 3419 918 3467 from
930 3425 992 3483 co‘go.
1074 3450 1076 3454 »
