<?xml version="1.0" encoding="UTF-8"?>
<!DOCTYPE html PUBLIC "-//W3C//DTD XHTML 1.0 Transitional//EN"
    "http://www.w3.org/TR/xhtml1/DTD/xhtml1-transitional.dtd">
<html xmlns="http://www.w3.org/1999/xhtml" xml:lang="en" lang="en">
 <head>
  <title>
</title>
<meta http-equiv="Content-Type" content="text/html;charset=utf-8" />
  <meta name='ocr-system' content='tesseract 3.04.00' />
  <meta name='ocr-capabilities' content='ocr_page ocr_carea ocr_par ocr_line ocrx_word'/>
</head>
<body>
  <div class='ocr_page' id='page_1' title='image "./newgradatimarev02collgoog_0083.png"; bbox 0 0 2684 3942; ppageno 0'>
   <div class='ocr_carea' id='block_1_1' title="bbox 568 304 1182 357">
    <p class='ocr_par' dir='ltr' id='par_1_1' title="bbox 568 304 1182 357">
     <span class='ocr_line' id='line_1_1' title="bbox 568 304 1182 357; baseline 0 -2"><span class='ocrx_word' id='word_1_1' title='bbox 568 308 804 357; x_wconf 83' lang='lat' dir='ltr'><em>ANECDOTES.</em></span> <span class='ocrx_word' id='word_1_2' title='bbox 1149 304 1182 355; x_wconf 86' lang='grc'>63</span> 
     </span>
    </p>
   </div>
   <div class='ocr_carea' id='block_1_2' title="bbox 184 472 1183 1734">
    <p class='ocr_par' dir='ltr' id='par_1_2' title="bbox 184 472 1183 1734">
     <span class='ocr_line' id='line_1_2' title="bbox 184 472 1182 551; baseline -0.001 -18"><span class='ocrx_word' id='word_1_3' title='bbox 184 472 390 534; x_wconf 74' lang='lat' dir='ltr'>celebrabant</span> <span class='ocrx_word' id='word_1_4' title='bbox 436 473 500 532; x_wconf 92' lang='lat' dir='ltr'>Ubi</span> <span class='ocrx_word' id='word_1_5' title='bbox 524 492 562 532; x_wconf 83' lang='lat' dir='ltr'>ex</span> <span class='ocrx_word' id='word_1_6' title='bbox 584 482 630 533; x_wconf 90' lang='lat' dir='ltr'>tot</span> <span class='ocrx_word' id='word_1_7' title='bbox 654 474 802 533; x_wconf 83' lang='lat' dir='ltr'>divitibus</span> <span class='ocrx_word' id='word_1_8' title='bbox 825 482 917 534; x_wconf 82' lang='lat' dir='ltr'>neme</span> <span class='ocrx_word' id='word_1_9' title='bbox 943 481 1051 551; x_wconf 87' lang='lat' dir='ltr'>preces</span> <span class='ocrx_word' id='word_1_10' title='bbox 1076 473 1182 533; x_wconf 86' lang='lat' dir='ltr'>audire</span> 
     </span>
     <span class='ocr_line' id='line_1_3' title="bbox 185 573 1182 651; baseline 0.002 -20"><span class='ocrx_word' id='word_1_11' title='bbox 185 573 288 646; x_wconf 82' lang='lat' dir='ltr'>voluit,</span> <span class='ocrx_word' id='word_1_12' title='bbox 304 573 490 650; x_wconf 75' lang='lat' dir='ltr'>piscatorem</span> <span class='ocrx_word' id='word_1_13' title='bbox 505 592 682 649; x_wconf 86' lang='lat' dir='ltr'>pauperem,</span> <span class='ocrx_word' id='word_1_14' title='bbox 700 582 752 649; x_wconf 89' lang='lat' dir='ltr'>qui</span> <span class='ocrx_word' id='word_1_15' title='bbox 768 574 920 647; x_wconf 78' lang='lat' dir='ltr'>adstabat,</span> <span class='ocrx_word' id='word_1_16' title='bbox 938 573 1083 631; x_wconf 88' lang='lat' dir='ltr'>auxilium</span> <span class='ocrx_word' id='word_1_17' title='bbox 1098 582 1182 651; x_wconf 72' lang='lat' dir='ltr'>roge-</span> 
     </span>
     <span class='ocr_line' id='line_1_4' title="bbox 185 672 1182 749; baseline 0.002 -17"><span class='ocrx_word' id='word_1_18' title='bbox 185 680 301 732; x_wconf 91' lang='lat' dir='ltr'>verunt.</span> <span class='ocrx_word' id='word_1_19' title='bbox 352 674 451 743; x_wconf 71' lang='lat' dir='ltr'>“At”</span> <span class='ocrx_word' id='word_1_20' title='bbox 474 673 633 749; x_wconf 89' lang='lat' dir='ltr'>respondit</span> <span class='ocrx_word' id='word_1_21' title='bbox 654 673 714 745; x_wconf 89' lang='lat' dir='ltr'>ille,</span> <span class='ocrx_word' id='word_1_22' title='bbox 740 680 814 732; x_wconf 89' lang='lat' dir='ltr'>“est</span> <span class='ocrx_word' id='word_1_23' title='bbox 836 672 911 732; x_wconf 92' lang='lat' dir='ltr'>mihi</span> <span class='ocrx_word' id='word_1_24' title='bbox 934 692 991 732; x_wconf 91' lang='lat' dir='ltr'>nec</span> <span class='ocrx_word' id='word_1_25' title='bbox 1014 673 1102 732; x_wconf 90' lang='lat' dir='ltr'>cibus</span> <span class='ocrx_word' id='word_1_26' title='bbox 1124 693 1182 734; x_wconf 92' lang='lat' dir='ltr'>nec</span> 
     </span>
     <span class='ocr_line' id='line_1_5' title="bbox 186 772 1182 849; baseline 0.001 -18"><span class='ocrx_word' id='word_1_27' title='bbox 186 782 344 849; x_wconf 86' lang='lat' dir='ltr'>argentum</span> <span class='ocrx_word' id='word_1_28' title='bbox 373 772 465 844; x_wconf 85' lang='lat' dir='ltr'>domi,</span> <span class='ocrx_word' id='word_1_29' title='bbox 497 772 580 848; x_wconf 93' lang='lat' dir='ltr'>quod</span> <span class='ocrx_word' id='word_1_30' title='bbox 609 772 773 831; x_wconf 88' lang='lat' dir='ltr'>continuae</span> <span class='ocrx_word' id='word_1_31' title='bbox 803 779 1004 849; x_wconf 79' lang='lat' dir='ltr'>tempestetes</span> <span class='ocrx_word' id='word_1_32' title='bbox 1033 773 1135 849; x_wconf 88' lang='lat' dir='ltr'>pisces</span> <span class='ocrx_word' id='word_1_33' title='bbox 1163 783 1182 832; x_wconf 79' lang='lat' dir='ltr'>e</span> 
     </span>
     <span class='ocr_line' id='line_1_6' title="bbox 186 871 1181 948; baseline 0 -16"><span class='ocrx_word' id='word_1_34' title='bbox 186 881 297 932; x_wconf 89' lang='lat' dir='ltr'>nostris</span> <span class='ocrx_word' id='word_1_35' title='bbox 312 880 374 931; x_wconf 80' lang='lat' dir='ltr'>eris</span> <span class='ocrx_word' id='word_1_36' title='bbox 389 871 566 931; x_wconf 74' lang='lat' dir='ltr'>iamdudum</span> <span class='ocrx_word' id='word_1_37' title='bbox 579 871 745 948; x_wconf 86' lang='lat' dir='ltr'>depellunt.</span> <span class='ocrx_word' id='word_1_38' title='bbox 785 874 817 931; x_wconf 89' lang='lat' dir='ltr'>Si</span> <span class='ocrx_word' id='word_1_39' title='bbox 829 882 931 931; x_wconf 90' lang='lat' dir='ltr'>tamen</span> <span class='ocrx_word' id='word_1_40' title='bbox 947 880 1067 931; x_wconf 88' lang='lat' dir='ltr'>mecum</span> <span class='ocrx_word' id='word_1_41' title='bbox 1079 881 1181 933; x_wconf 87' lang='lat' dir='ltr'>venire</span> 
     </span>
     <span class='ocr_line' id='line_1_7' title="bbox 186 971 1181 1048; baseline -0.001 -17"><span class='ocrx_word' id='word_1_42' title='bbox 186 971 285 1044; x_wconf 89' lang='lat' dir='ltr'>vultis,</span> <span class='ocrx_word' id='word_1_43' title='bbox 301 973 381 1031; x_wconf 91' lang='lat' dir='ltr'>hanc</span> <span class='ocrx_word' id='word_1_44' title='bbox 396 980 517 1032; x_wconf 92' lang='lat' dir='ltr'>noctem</span> <span class='ocrx_word' id='word_1_45' title='bbox 535 971 592 1030; x_wconf 92' lang='lat' dir='ltr'>sub</span> <span class='ocrx_word' id='word_1_46' title='bbox 608 979 677 1031; x_wconf 82' lang='lat' dir='ltr'>mee</span> <span class='ocrx_word' id='word_1_47' title='bbox 697 979 779 1031; x_wconf 83' lang='lat' dir='ltr'>tecte</span> <span class='ocrx_word' id='word_1_48' title='bbox 800 972 993 1048; x_wconf 87' lang='lat' dir='ltr'>requiescere</span> <span class='ocrx_word' id='word_1_49' title='bbox 1013 971 1181 1048; x_wconf 87' lang='lat' dir='ltr'>poteritis.&#39;&#39;</span> 
     </span>
     <span class='ocr_line' id='line_1_8' title="bbox 187 1071 1183 1148; baseline 0.001 -18"><span class='ocrx_word' id='word_1_50' title='bbox 187 1072 265 1132; x_wconf 92' lang='lat' dir='ltr'>Inde</span> <span class='ocrx_word' id='word_1_51' title='bbox 280 1071 424 1145; x_wconf 80' lang='lat' dir='ltr'>advenes,</span> <span class='ocrx_word' id='word_1_52' title='bbox 441 1080 494 1147; x_wconf 90' lang='lat' dir='ltr'>qui</span> <span class='ocrx_word' id='word_1_53' title='bbox 515 1073 587 1131; x_wconf 89' lang='lat' dir='ltr'>laeti</span> <span class='ocrx_word' id='word_1_54' title='bbox 608 1072 792 1131; x_wconf 89' lang='lat' dir='ltr'>beneficium</span> <span class='ocrx_word' id='word_1_55' title='bbox 816 1071 979 1148; x_wconf 86' lang='lat' dir='ltr'>accipiunt,</span> <span class='ocrx_word' id='word_1_56' title='bbox 996 1072 1121 1130; x_wconf 92' lang='lat' dir='ltr'>domum</span> <span class='ocrx_word' id='word_1_57' title='bbox 1143 1072 1183 1131; x_wconf 88' lang='lat' dir='ltr'>ad</span> 
     </span>
     <span class='ocr_line' id='line_1_9' title="bbox 186 1171 1182 1249; baseline 0.001 -19"><span class='ocrx_word' id='word_1_58' title='bbox 186 1179 311 1232; x_wconf 80' lang='lat' dir='ltr'>uxerem</span> <span class='ocrx_word' id='word_1_59' title='bbox 333 1171 424 1231; x_wconf 78' lang='lat' dir='ltr'>ducit.</span> <span class='ocrx_word' id='word_1_60' title='bbox 470 1172 528 1230; x_wconf 88' lang='lat' dir='ltr'>Illa</span> <span class='ocrx_word' id='word_1_61' title='bbox 549 1181 651 1231; x_wconf 87' lang='lat' dir='ltr'>autem</span> <span class='ocrx_word' id='word_1_62' title='bbox 674 1180 800 1243; x_wconf 91' lang='lat' dir='ltr'>maesta,</span> <span class='ocrx_word' id='word_1_63' title='bbox 825 1171 908 1247; x_wconf 92' lang='lat' dir='ltr'>quod</span> <span class='ocrx_word' id='word_1_64' title='bbox 933 1172 1028 1249; x_wconf 79' lang='lat' dir='ltr'>digne</span> <span class='ocrx_word' id='word_1_65' title='bbox 1049 1171 1182 1248; x_wconf 69' lang='lat' dir='ltr'>hospitis)</span> 
     </span>
     <span class='ocr_line' id='line_1_10' title="bbox 186 1271 1183 1349; baseline -0.003 -18"><span class='ocrx_word' id='word_1_66' title='bbox 186 1272 322 1332; x_wconf 80' lang='lat' dir='ltr'>advenes</span> <span class='ocrx_word' id='word_1_67' title='bbox 344 1278 407 1331; x_wconf 83' lang='lat' dir='ltr'>nen</span> <span class='ocrx_word' id='word_1_68' title='bbox 426 1280 529 1348; x_wconf 86' lang='lat' dir='ltr'>potest</span> <span class='ocrx_word' id='word_1_69' title='bbox 549 1272 697 1348; x_wconf 87' lang='lat' dir='ltr'>accipere,</span> <span class='ocrx_word' id='word_1_70' title='bbox 715 1271 832 1331; x_wconf 81' lang='lat' dir='ltr'>loculos</span> <span class='ocrx_word' id='word_1_71' title='bbox 846 1278 970 1343; x_wconf 82' lang='lat' dir='ltr'>vacuos,</span> <span class='ocrx_word' id='word_1_72' title='bbox 987 1271 1109 1347; x_wconf 85' lang='lat' dir='ltr'>inopiae</span> <span class='ocrx_word' id='word_1_73' title='bbox 1126 1281 1183 1349; x_wconf 86' lang='lat' dir='ltr'>sig-</span> 
     </span>
     <span class='ocr_line' id='line_1_11' title="bbox 185 1371 1181 1443; baseline 0.001 -14"><span class='ocrx_word' id='word_1_74' title='bbox 185 1391 268 1443; x_wconf 86' lang='lat' dir='ltr'>num,</span> <span class='ocrx_word' id='word_1_75' title='bbox 294 1371 438 1432; x_wconf 91' lang='lat' dir='ltr'>ostendit.</span> <span class='ocrx_word' id='word_1_76' title='bbox 487 1371 596 1431; x_wconf 80' lang='lat' dir='ltr'>Subito</span> <span class='ocrx_word' id='word_1_77' title='bbox 623 1372 663 1429; x_wconf 91' lang='lat' dir='ltr'>ad</span> <span class='ocrx_word' id='word_1_78' title='bbox 689 1380 800 1430; x_wconf 87' lang='lat' dir='ltr'>terram</span> <span class='ocrx_word' id='word_1_79' title='bbox 826 1371 974 1430; x_wconf 88' lang='lat' dir='ltr'>decidunt</span> <span class='ocrx_word' id='word_1_80' title='bbox 1000 1378 1085 1431; x_wconf 88' lang='lat' dir='ltr'>asses</span> <span class='ocrx_word' id='word_1_81' title='bbox 1112 1371 1181 1430; x_wconf 92' lang='lat' dir='ltr'>du0.</span> 
     </span>
     <span class='ocr_line' id='line_1_12' title="bbox 186 1471 1183 1547; baseline -0.001 -16"><span class='ocrx_word' id='word_1_82' title='bbox 186 1471 325 1532; x_wconf 72' lang='lat' dir='ltr'>Piscetor</span> <span class='ocrx_word' id='word_1_83' title='bbox 346 1472 494 1531; x_wconf 78' lang='lat' dir='ltr'>mirecule</span> <span class='ocrx_word' id='word_1_84' title='bbox 516 1471 665 1530; x_wconf 87' lang='lat' dir='ltr'>attonitus</span> <span class='ocrx_word' id='word_1_85' title='bbox 688 1480 792 1531; x_wconf 86' lang='lat' dir='ltr'>vinum</span> <span class='ocrx_word' id='word_1_86' title='bbox 814 1471 979 1547; x_wconf 89' lang='lat' dir='ltr'>cibumque</span> <span class='ocrx_word' id='word_1_87' title='bbox 1002 1471 1094 1542; x_wconf 83' lang='lat' dir='ltr'>emit3</span> <span class='ocrx_word' id='word_1_88' title='bbox 1125 1490 1183 1532; x_wconf 90' lang='lat' dir='ltr'>nec</span> 
     </span>
     <span class='ocr_line' id='line_1_13' title="bbox 185 1571 1181 1649; baseline -0.004 -17"><span class='ocrx_word' id='word_1_89' title='bbox 185 1572 315 1649; x_wconf 77' lang='lat' dir='ltr'>posthec</span> <span class='ocrx_word' id='word_1_90' title='bbox 327 1571 434 1631; x_wconf 79' lang='lat' dir='ltr'>duram</span> <span class='ocrx_word' id='word_1_91' title='bbox 443 1579 657 1648; x_wconf 81' lang='lat' dir='ltr'>paupertetem</span> <span class='ocrx_word' id='word_1_92' title='bbox 665 1571 794 1645; x_wconf 77' lang='lat' dir='ltr'>ferebat,</span> <span class='ocrx_word' id='word_1_93' title='bbox 806 1589 972 1648; x_wconf 86' lang='lat' dir='ltr'>numquam</span> <span class='ocrx_word' id='word_1_94' title='bbox 982 1571 1064 1630; x_wconf 93' lang='lat' dir='ltr'>enim</span> <span class='ocrx_word' id='word_1_95' title='bbox 1076 1571 1181 1630; x_wconf 73' lang='lat' dir='ltr'>loculis</span> 
     </span>
     <span class='ocr_line' id='line_1_14' title="bbox 185 1672 533 1734; baseline -0.003 -2"><span class='ocrx_word' id='word_1_96' title='bbox 185 1672 314 1734; x_wconf 85' lang='lat' dir='ltr'>deerant</span> <span class='ocrx_word' id='word_1_97' title='bbox 327 1672 423 1732; x_wconf 86' lang='lat' dir='ltr'>divini</span> <span class='ocrx_word' id='word_1_98' title='bbox 439 1679 533 1731; x_wconf 88' lang='lat' dir='ltr'>asses.</span> 
     </span>
    </p>
   </div>
   <div class='ocr_carea' id='block_1_3' title="bbox 252 1800 1150 2222">
    <p class='ocr_par' dir='ltr' id='par_1_3' title="bbox 252 1800 999 1888">
     <span class='ocr_line' id='line_1_15' title="bbox 252 1800 999 1888; baseline -0.005 -14"><span class='ocrx_word' id='word_1_99' title='bbox 252 1823 370 1888; x_wconf 75' lang='lat' dir='ltr'>sordidi,</span> <span class='ocrx_word' id='word_1_100' title='bbox 382 1824 509 1887; x_wconf 64' lang='lat' dir='ltr'>squalida.</span> <span class='ocrx_word' id='word_1_101' title='bbox 578 1800 583 1809; x_wconf 24' lang='grc' dir='ltr'><strong>ο</strong></span> <span class='ocrx_word' id='word_1_102' title='bbox 709 1823 773 1888; x_wconf 78' lang='lat' dir='ltr'>bris,</span> <span class='ocrx_word' id='word_1_103' title='bbox 786 1823 908 1880; x_wconf 66' lang='lat' dir='ltr'>litoribus,</span> <span class='ocrx_word' id='word_1_104' title='bbox 923 1837 963 1887; x_wconf 80' lang='lat'>43,</span> <span class='ocrx_word' id='word_1_105' title='bbox 976 1822 999 1871; x_wconf 91' lang='lat'>6.</span> 
     </span>
    </p>

    <p class='ocr_par' dir='ltr' id='par_1_4' title="bbox 252 1906 1016 2056">
     <span class='ocr_line' id='line_1_16' title="bbox 252 1906 1016 1972; baseline -0.007 -14"><span class='ocrx_word' id='word_1_106' title='bbox 252 1908 339 1972; x_wconf 77' lang='lat' dir='ltr'>veste,</span> <span class='ocrx_word' id='word_1_107' title='bbox 351 1911 503 1964; x_wconf 77' lang='lat' dir='ltr'>vestimentd,</span> <span class='ocrx_word' id='word_1_108' title='bbox 520 1919 557 1968; x_wconf 83' lang='lat'>17,</span> <span class='ocrx_word' id='word_1_109' title='bbox 573 1921 594 1955; x_wconf 87' lang='lat'>1.</span> <span class='ocrx_word' id='word_1_110' title='bbox 711 1907 826 1971; x_wconf 78' lang='lat' dir='ltr'>maesta,</span> <span class='ocrx_word' id='word_1_111' title='bbox 839 1909 927 1964; x_wconf 77' lang='lat' dir='ltr'>tristt&#39;s,</span> <span class='ocrx_word' id='word_1_112' title='bbox 942 1919 979 1971; x_wconf 82' lang='lat'>53,</span> <span class='ocrx_word' id='word_1_113' title='bbox 993 1906 1016 1955; x_wconf 89' lang='lat'>6.</span> 
     </span>
     <span class='ocr_line' id='line_1_17' title="bbox 252 1988 940 2056; baseline -0.003 -16"><span class='ocrx_word' id='word_1_114' title='bbox 252 1989 396 2056; x_wconf 78' lang='lat' dir='ltr'>divitibus,</span> <span class='ocrx_word' id='word_1_115' title='bbox 408 1988 477 2039; x_wconf 86' lang='lat' dir='ltr'>from</span> <span class='ocrx_word' id='word_1_116' title='bbox 495 1991 570 2039; x_wconf 76' lang='lat' dir='ltr'>dives.</span> <span class='ocrx_word' id='word_1_117' title='bbox 711 1989 850 2054; x_wconf 77' lang='lat' dir='ltr'>decidunt,</span> <span class='ocrx_word' id='word_1_118' title='bbox 863 1989 904 2049; x_wconf 87' lang='lat'>66,</span> <span class='ocrx_word' id='word_1_119' title='bbox 917 1989 940 2039; x_wconf 90' lang='lat'>8.</span> 
     </span>
    </p>

    <p class='ocr_par' dir='ltr' id='par_1_5' title="bbox 252 2072 1150 2222">
     <span class='ocr_line' id='line_1_18' title="bbox 252 2072 1150 2139; baseline -0.006 -15"><span class='ocrx_word' id='word_1_120' title='bbox 252 2072 393 2139; x_wconf 68' lang='lat' dir='ltr'>antibat,</span> <span class='ocrx_word' id='word_1_121' title='bbox 405 2075 501 2123; x_wconf 82' lang='lat' dir='ltr'>aderat.</span> <span class='ocrx_word' id='word_1_122' title='bbox 710 2075 910 2138; x_wconf 71' lang='lat' dir='ltr'>paupertitem,</span> <span class='ocrx_word' id='word_1_123' title='bbox 923 2072 957 2122; x_wconf 85' lang='lat' dir='ltr'>cf.</span> <span class='ocrx_word' id='word_1_124' title='bbox 966 2079 1113 2135; x_wconf 79' lang='lat' dir='ltr'>pauperem,</span> <span class='ocrx_word' id='word_1_125' title='bbox 1126 2086 1150 2134; x_wconf 85' lang='lat'>4.</span> 
     </span>
     <span class='ocr_line' id='line_1_19' title="bbox 253 2155 1018 2222; baseline -0.004 -14"><span class='ocrx_word' id='word_1_126' title='bbox 253 2156 424 2222; x_wconf 67' lang='lat' dir='ltr'>rogivenmt,</span> <span class='ocrx_word' id='word_1_127' title='bbox 432 2158 570 2218; x_wconf 76' lang='lat' dir='ltr'>petierunt.</span> <span class='ocrx_word' id='word_1_128' title='bbox 710 2156 830 2221; x_wconf 77' lang='lat' dir='ltr'>deerant,</span> <span class='ocrx_word' id='word_1_129' title='bbox 844 2155 913 2206; x_wconf 82' lang='lat' dir='ltr'>from</span> <span class='ocrx_word' id='word_1_130' title='bbox 925 2157 1018 2206; x_wconf 76' lang='lat' dir='ltr'>desum.</span> 
     </span>
    </p>
   </div>
   <div class='ocr_carea' id='block_1_4' title="bbox 498 2375 872 2463">
    <p class='ocr_par' dir='ltr' id='par_1_6' title="bbox 498 2375 872 2463">
     <span class='ocr_line' id='line_1_20' title="bbox 498 2375 872 2463; baseline 0 -32"><span class='ocrx_word' id='word_1_131' title='bbox 498 2387 546 2448; x_wconf 83' lang='lat'>70.</span> <span class='ocrx_word' id='word_1_132' title='bbox 586 2375 648 2432; x_wconf 77' lang='lat' dir='ltr'>The</span> <span class='ocrx_word' id='word_1_133' title='bbox 666 2375 774 2463; x_wconf 82' lang='lat' dir='ltr'>Golden</span> <span class='ocrx_word' id='word_1_134' title='bbox 793 2375 872 2432; x_wconf 73' lang='grc' dir='ltr'><strong>ιοαί.</strong></span> 
     </span>
    </p>
   </div>
   <div class='ocr_carea' id='block_1_5' title="bbox 186 2535 1186 3645">
    <p class='ocr_par' dir='ltr' id='par_1_7' title="bbox 186 2535 1186 3620">
     <span class='ocr_line' id='line_1_21' title="bbox 229 2535 1183 2616; baseline -0.003 -20"><span class='ocrx_word' id='word_1_135' title='bbox 229 2535 348 2616; x_wconf 67' lang='lat' dir='ltr'>Lyden,</span> <span class='ocrx_word' id='word_1_136' title='bbox 375 2536 509 2614; x_wconf 85' lang='lat' dir='ltr'>agricola</span> <span class='ocrx_word' id='word_1_137' title='bbox 537 2555 654 2613; x_wconf 88' lang='lat' dir='ltr'>pauper</span> <span class='ocrx_word' id='word_1_138' title='bbox 683 2537 739 2596; x_wconf 90' lang='lat' dir='ltr'>sed</span> <span class='ocrx_word' id='word_1_139' title='bbox 768 2537 891 2613; x_wconf 90' lang='lat' dir='ltr'>probus,</span> <span class='ocrx_word' id='word_1_140' title='bbox 920 2536 1086 2613; x_wconf 79' lang='lat' dir='ltr'>aliquande</span> <span class='ocrx_word' id='word_1_141' title='bbox 1114 2555 1183 2596; x_wconf 92' lang='lat' dir='ltr'>cum</span> 
     </span>
     <span class='ocr_line' id='line_1_22' title="bbox 186 2635 1184 2713; baseline 0 -19"><span class='ocrx_word' id='word_1_142' title='bbox 186 2635 253 2695; x_wconf 83' lang='lat' dir='ltr'>filie</span> <span class='ocrx_word' id='word_1_143' title='bbox 271 2636 384 2697; x_wconf 77' lang='lat' dir='ltr'>edebat</span> <span class='ocrx_word' id='word_1_144' title='bbox 403 2656 531 2713; x_wconf 87' lang='lat' dir='ltr'>parvum</span> <span class='ocrx_word' id='word_1_145' title='bbox 546 2645 666 2713; x_wconf 78' lang='lat' dir='ltr'>penem,</span> <span class='ocrx_word' id='word_1_146' title='bbox 684 2655 775 2712; x_wconf 91' lang='lat' dir='ltr'>quem</span> <span class='ocrx_word' id='word_1_147' title='bbox 792 2644 885 2696; x_wconf 83' lang='lat' dir='ltr'>totius</span> <span class='ocrx_word' id='word_1_148' title='bbox 901 2637 962 2695; x_wconf 86' lang='lat' dir='ltr'>diei</span> <span class='ocrx_word' id='word_1_149' title='bbox 977 2637 1119 2695; x_wconf 76' lang='lat' dir='ltr'>mercede</span> <span class='ocrx_word' id='word_1_150' title='bbox 1134 2636 1184 2695; x_wconf 86' lang='lat' dir='ltr'>vix</span> 
     </span>
     <span class='ocr_line' id='line_1_23' title="bbox 187 2736 1182 2813; baseline -0.002 -18"><span class='ocrx_word' id='word_1_151' title='bbox 187 2743 310 2795; x_wconf 88' lang='lat' dir='ltr'>emerat.</span> <span class='ocrx_word' id='word_1_152' title='bbox 357 2738 438 2795; x_wconf 93' lang='lat' dir='ltr'>Dum</span> <span class='ocrx_word' id='word_1_153' title='bbox 453 2756 528 2813; x_wconf 92' lang='lat' dir='ltr'>puer</span> <span class='ocrx_word' id='word_1_154' title='bbox 544 2736 689 2796; x_wconf 87' lang='lat' dir='ltr'>dentibus</span> <span class='ocrx_word' id='word_1_155' title='bbox 705 2756 791 2796; x_wconf 93' lang='lat' dir='ltr'>suam</span> <span class='ocrx_word' id='word_1_156' title='bbox 812 2746 929 2813; x_wconf 89' lang='lat' dir='ltr'>partem</span> <span class='ocrx_word' id='word_1_157' title='bbox 951 2736 1041 2812; x_wconf 81' lang='lat' dir='ltr'>penis</span> <span class='ocrx_word' id='word_1_158' title='bbox 1061 2736 1182 2813; x_wconf 80' lang='lat' dir='ltr'>frangit,</span> 
     </span>
     <span class='ocr_line' id='line_1_24' title="bbox 187 2836 1184 2919; baseline -0.003 -24"><span class='ocrx_word' id='word_1_159' title='bbox 187 2837 359 2913; x_wconf 77' lang='lat' dir='ltr'>complures</span> <span class='ocrx_word' id='word_1_160' title='bbox 390 2846 505 2895; x_wconf 85' lang='lat' dir='ltr'>nummi</span> <span class='ocrx_word' id='word_1_161' title='bbox 534 2845 627 2919; x_wconf 83' lang='lat' dir='ltr'>aurei,</span> <span class='ocrx_word' id='word_1_162' title='bbox 656 2845 709 2912; x_wconf 88' lang='lat' dir='ltr'>qui</span> <span class='ocrx_word' id='word_1_163' title='bbox 735 2836 766 2894; x_wconf 93' lang='lat' dir='ltr'>in</span> <span class='ocrx_word' id='word_1_164' title='bbox 792 2836 863 2895; x_wconf 81' lang='lat' dir='ltr'>cibo</span> <span class='ocrx_word' id='word_1_165' title='bbox 889 2836 1000 2895; x_wconf 89' lang='lat' dir='ltr'>occulti</span> <span class='ocrx_word' id='word_1_166' title='bbox 1031 2845 1125 2908; x_wconf 85' lang='lat' dir='ltr'>erant,</span> <span class='ocrx_word' id='word_1_167' title='bbox 1152 2836 1184 2893; x_wconf 95' lang='lat' dir='ltr'>in</span> 
     </span>
     <span class='ocr_line' id='line_1_25' title="bbox 187 2936 1183 3014; baseline -0.004 -15"><span class='ocrx_word' id='word_1_168' title='bbox 187 2936 335 3014; x_wconf 81' lang='lat' dir='ltr'>gremium</span> <span class='ocrx_word' id='word_1_169' title='bbox 351 2936 417 2995; x_wconf 92' lang='lat' dir='ltr'>eius</span> <span class='ocrx_word' id='word_1_170' title='bbox 432 2936 621 2995; x_wconf 88' lang='lat' dir='ltr'>deciderunt.</span> <span class='ocrx_word' id='word_1_171' title='bbox 661 2938 733 2996; x_wconf 83' lang='lat' dir='ltr'>Hec</span> <span class='ocrx_word' id='word_1_172' title='bbox 748 2936 800 2994; x_wconf 95' lang='lat' dir='ltr'>ubi</span> <span class='ocrx_word' id='word_1_173' title='bbox 813 2936 897 2995; x_wconf 89' lang='lat' dir='ltr'>videt</span> <span class='ocrx_word' id='word_1_174' title='bbox 909 2955 993 3012; x_wconf 88' lang='lat' dir='ltr'>puer,</span> <span class='ocrx_word' id='word_1_175' title='bbox 1008 2942 1026 2969; x_wconf 86' lang='lat'><strong>“</strong></span> <span class='ocrx_word' id='word_1_176' title='bbox 1037 2936 1183 3011; x_wconf 88' lang='lat' dir='ltr'>Accipe,”</span> 
     </span>
     <span class='ocr_line' id='line_1_26' title="bbox 188 3035 1185 3113; baseline 0.001 -19"><span class='ocrx_word' id='word_1_177' title='bbox 188 3036 288 3113; x_wconf 91' lang='lat' dir='ltr'>inquit</span> <span class='ocrx_word' id='word_1_178' title='bbox 302 3036 383 3096; x_wconf 77' lang='lat' dir='ltr'>laeta</span> <span class='ocrx_word' id='word_1_179' title='bbox 398 3043 483 3109; x_wconf 81' lang='lat' dir='ltr'>vece,</span> <span class='ocrx_word' id='word_1_180' title='bbox 502 3044 623 3112; x_wconf 85' lang='lat' dir='ltr'>“pater‚</span> <span class='ocrx_word' id='word_1_181' title='bbox 641 3037 699 3095; x_wconf 79' lang='lat' dir='ltr'>hos</span> <span class='ocrx_word' id='word_1_182' title='bbox 714 3044 864 3108; x_wconf 73' lang='lat' dir='ltr'>nummos</span> <span class='ocrx_word' id='word_1_183' title='bbox 882 3043 960 3112; x_wconf 79' lang='lat' dir='ltr'>quos</span> <span class='ocrx_word' id='word_1_184' title='bbox 979 3035 1056 3095; x_wconf 93' lang='lat' dir='ltr'>deus</span> <span class='ocrx_word' id='word_1_185' title='bbox 1075 3035 1185 3112; x_wconf 91' lang='lat' dir='ltr'>aliquis</span> 
     </span>
     <span class='ocr_line' id='line_1_27' title="bbox 187 3135 1185 3214; baseline -0.002 -18"><span class='ocrx_word' id='word_1_186' title='bbox 187 3136 253 3210; x_wconf 91' lang='lat' dir='ltr'>tibi,</span> <span class='ocrx_word' id='word_1_187' title='bbox 284 3136 474 3214; x_wconf 80' lang='lat' dir='ltr'>paupertetis</span> <span class='ocrx_word' id='word_1_188' title='bbox 504 3135 682 3207; x_wconf 85' lang='lat' dir='ltr'>remedium,</span> <span class='ocrx_word' id='word_1_189' title='bbox 709 3137 844 3195; x_wconf 86' lang='lat' dir='ltr'>tribuit.&#39;’</span> <span class='ocrx_word' id='word_1_190' title='bbox 899 3144 917 3170; x_wconf 84' lang='lat'><strong>“</strong></span> <span class='ocrx_word' id='word_1_191' title='bbox 929 3135 1066 3207; x_wconf 88' lang='lat' dir='ltr'>Minime,</span> <span class='ocrx_word' id='word_1_192' title='bbox 1095 3135 1185 3195; x_wconf 75' lang='lat' dir='ltr'>caris·</span> 
     </span>
     <span class='ocr_line' id='line_1_28' title="bbox 188 3236 1185 3313; baseline -0.001 -18"><span class='ocrx_word' id='word_1_193' title='bbox 188 3237 295 3309; x_wconf 85' lang='lat' dir='ltr'>sime,’&#39;</span> <span class='ocrx_word' id='word_1_194' title='bbox 331 3236 490 3313; x_wconf 89' lang='lat' dir='ltr'>respondit</span> <span class='ocrx_word' id='word_1_195' title='bbox 523 3247 619 3313; x_wconf 90' lang='lat' dir='ltr'>pater,</span> <span class='ocrx_word' id='word_1_196' title='bbox 658 3236 846 3312; x_wconf 78' lang='lat' dir='ltr'>“pecuniam</span> <span class='ocrx_word' id='word_1_197' title='bbox 880 3236 984 3312; x_wconf 92' lang='lat' dir='ltr'>potius</span> <span class='ocrx_word' id='word_1_198' title='bbox 1022 3236 1185 3294; x_wconf 88' lang='lat' dir='ltr'>reddemus</span> 
     </span>
     <span class='ocr_line' id='line_1_29' title="bbox 188 3336 1186 3413; baseline -0.003 -17"><span class='ocrx_word' id='word_1_199' title='bbox 188 3344 305 3413; x_wconf 78' lang='lat' dir='ltr'>pistori,</span> <span class='ocrx_word' id='word_1_200' title='bbox 332 3346 393 3413; x_wconf 82' lang='lat' dir='ltr'>qui,</span> <span class='ocrx_word' id='word_1_201' title='bbox 421 3337 496 3396; x_wconf 92' lang='lat' dir='ltr'>dum</span> <span class='ocrx_word' id='word_1_202' title='bbox 520 3345 631 3413; x_wconf 77' lang='lat' dir='ltr'>penem</span> <span class='ocrx_word' id='word_1_203' title='bbox 658 3337 772 3413; x_wconf 91' lang='lat' dir='ltr'>coquit,</span> <span class='ocrx_word' id='word_1_204' title='bbox 799 3336 962 3413; x_wconf 78' lang='lat' dir='ltr'>pecsmiam</span> <span class='ocrx_word' id='word_1_205' title='bbox 991 3355 1060 3394; x_wconf 92' lang='lat' dir='ltr'>cum</span> <span class='ocrx_word' id='word_1_206' title='bbox 1086 3337 1186 3393; x_wconf 78' lang='lat' dir='ltr'>farine</span> 
     </span>
     <span class='ocr_line' id='line_1_30' title="bbox 189 3435 1185 3512; baseline -0.005 -18"><span class='ocrx_word' id='word_1_207' title='bbox 189 3435 294 3495; x_wconf 79' lang='lat' dir='ltr'>nescio</span> <span class='ocrx_word' id='word_1_208' title='bbox 310 3444 371 3512; x_wconf 80' lang='lat' dir='ltr'>que</span> <span class='ocrx_word' id='word_1_209' title='bbox 387 3446 461 3496; x_wconf 75' lang='lat' dir='ltr'>cese</span> <span class='ocrx_word' id='word_1_210' title='bbox 476 3436 629 3496; x_wconf 79' lang='lat' dir='ltr'>miscuit.’&#39;</span> <span class='ocrx_word' id='word_1_211' title='bbox 675 3436 748 3496; x_wconf 86' lang='lat' dir='ltr'>Sine</span> <span class='ocrx_word' id='word_1_212' title='bbox 765 3445 849 3495; x_wconf 78' lang='lat' dir='ltr'>more</span> <span class='ocrx_word' id='word_1_213' title='bbox 869 3437 960 3494; x_wconf 83' lang='lat' dir='ltr'>ambe</span> <span class='ocrx_word' id='word_1_214' title='bbox 981 3435 1020 3492; x_wconf 88' lang='lat' dir='ltr'>ad</span> <span class='ocrx_word' id='word_1_215' title='bbox 1040 3441 1185 3509; x_wconf 81' lang='lat' dir='ltr'>pistorem</span> 
     </span>
     <span class='ocr_line' id='line_1_31' title="bbox 188 3532 1183 3620; baseline -0.006 -26"><span class='ocrx_word' id='word_1_216' title='bbox 188 3545 354 3620; x_wconf 86' lang='lat' dir='ltr'>properant</span> <span class='ocrx_word' id='word_1_217' title='bbox 378 3555 503 3618; x_wconf 86' lang='lat' dir='ltr'>remque</span> <span class='ocrx_word' id='word_1_218' title='bbox 530 3545 663 3600; x_wconf 79' lang='lat' dir='ltr'>narrant.</span> <span class='ocrx_word' id='word_1_219' title='bbox 718 3538 798 3596; x_wconf 90' lang='lat' dir='ltr'>Tum</span> <span class='ocrx_word' id='word_1_220' title='bbox 822 3536 882 3608; x_wconf 90' lang='lat' dir='ltr'>ille,</span> <span class='ocrx_word' id='word_1_221' title='bbox 908 3536 1040 3593; x_wconf 76' lang='lat' dir='ltr'>“Macte</span> <span class='ocrx_word' id='word_1_222' title='bbox 1066 3532 1183 3601; x_wconf 84' lang='lat' dir='ltr'>virtute,</span> 
     </span>
    </p>

    <p class='ocr_par' dir='ltr' id='par_1_8' title="bbox 763 3621 771 3645">
     <span class='ocr_line' id='line_1_32' title="bbox 763 3621 771 3645; baseline 0 0"><span class='ocrx_word' id='word_1_223' title='bbox 763 3621 771 3645; x_wconf 73' lang='lat'><em>0</em></span> 
     </span>
    </p>
   </div>
   <div class='ocr_carea' id='block_1_6' title="bbox 0 0 1351 3942">
    <p class='ocr_par' dir='ltr' id='par_1_9' title="bbox 0 0 1351 3942">
     <span class='ocr_line' id='line_1_33' title="bbox 0 0 1351 3942; baseline 0 0"><span class='ocrx_word' id='word_1_224' title='bbox 0 0 1351 3942; x_wconf 95' lang='lat' dir='ltr'> </span> 
     </span>
    </p>
   </div>
  </div>
 </body>
</html>
