2684 3942
189 319 222 370 84
570 315 809 365 ANECDOTES.

191 486 321 565 sepelire
332 478 442 559 solent,
457 485 604 545 Sinonem
616 492 719 542 vivum
731 500 799 540 eum
815 488 908 539 uxare
925 488 1044 538 mortua
1057 478 1184 539 simibus

191 588 356 648 demittunt
370 587 403 645 in
418 595 543 663 puteum
559 583 753 662 profundum,
768 588 830 657 quo
845 579 986 656 sepulcra
1001 587 1088 656 reges
1103 579 1184 638 illius

191 698 289 748 terrae
305 689 476 747 utebantur.
524 688 607 743 Huic
622 694 725 744 tamen
742 682 781 740 ab
797 689 880 740 omni
896 687 950 757 spe
971 680 1079 739 salutis
1094 679 1183 738 inter-

191 789 277 848 clusa
292 789 415 847 {ortana
430 786 576 863 patefecit
591 785 655 843 iter.
695 783 791 842 Sinon
807 780 890 839 enim
904 780 986 838 farne
999 780 1110 857 sitique
1123 779 1184 839 iam

191 888 354 948 moriturus
384 887 505 965 volpem
534 885 610 945 vidit
646 903 724 959 quae
758 880 960 940 cadaveribus
990 880 1181 940 vescebatur.

192 990 293 1063 Quam
316 1007 371 1066 per
391 988 455 1047 vias
474 987 611 1046 occultas
632 983 685 1043 dio
705 992 828 1042 secirtus
848 999 974 1058 parvam
993 989 1100 1038 rimam
1123 989 1183 1057 qua

191 1089 259 1165 ipsa
288 1099 414 1165 puteum
442 1088 609 1146 intraverat
638 1084 764 1144 tandem
789 1082 915 1141 invenit.
971 1080 1050 1139 Inde
1077 1079 1182 1152 Sinon,

191 1198 356 1267 postquam
371 1197 482 1265 magna
498 1196 529 1245 vi
544 1196 629 1245 nisus
646 1183 781 1261 lapidem
800 1183 957 1260 ingentem
978 1182 1182 1253 submoverat,

191 1296 225 1348 sa
240 1289 380 1348 liberavit
395 1298 487 1363 atque
503 1286 542 1345 ad
558 1294 641 1346 oram
657 1283 840 1343 maritimam
856 1281 961 1341 evasit.

258 1421 392 1487 secundis,
407 1436 466 1484 opp.
478 1422 598 1478 adversis,
611 1433 651 1485 95,
665 1434 687 1485 3.
807 1419 927 1486 fiinibus,
942 1436 980 1483 27,
996 1436 1016 1470 1.

257 1506 387 1570 opimam,
400 1506 510 1553 divitem.
807 1507 929 1570 puteum,
945 1519 982 1570 59,
995 1505 1029 1554 ad
1040 1505 1083 1554 fin.

257 1590 392 1653 praepara,
398 1588 519 1652 feliciter.
807 1588 991 1653 cadaveribus,
1004 1589 1044 1647 86,
1057 1589 1080 1639 6.

439 1763 486 1823 97.
515 1752 576 1807 ‘she
594 1751 735 1807 oldrltan
754 1751 785 1807 of
802 1745 854 1808 the
872 1752 936 1808 Sea.

234 1864 330 1923 Sinon
346 1883 401 1940 per
422 1863 492 1921 litus
513 1871 649 1939 quinque
670 1862 754 1920 milia
772 1881 918 1939 passuum
933 1872 1062 1940 vagatus
1078 1882 1183 1923 senem

190 1963 344 2040 quendam
356 1963 388 2021 in
400 1971 466 2038 ripa
478 1961 612 2020 fluminis
624 1962 784 2020 sedentem
797 1962 922 2021 invenit.
961 1964 1024 2022 Hic
1038 1963 1184 2023 Sinonem

190 2071 224 2123 se
240 2073 325 2123 trans
340 2064 453 2121 flamen
469 2070 581 2120 umeris
592 2060 801 2138 transportare
814 2061 911 2122 iussit.
954 2064 1063 2138 Itaque
1077 2063 1182 2136 Sinon,

191 2183 282 2241 quern
298 2163 381 2222 senis
396 2163 510 2220 infirmi
525 2161 671 2233 miseruit,
685 2181 754 2220 eum
770 2162 802 2219 in
818 2169 939 2222 umeras
954 2163 1135 2236 sublevavit,
1152 2163 1185 2222 id

191 2263 275 2340 quod
301 2264 483 2340 imperatum
509 2271 556 2321 est
581 2262 726 2320 factirrus.
772 2262 873 2321 Senex
899 2271 1009 2336 autern,
1037 2263 1126 2322 simul
1152 2263 1183 2321 in

190 2365 259 2423 loco
282 2363 411 2422 firmiter
434 2362 522 2434 sedit,
547 2361 686 2420 crinibus
707 2361 819 2420 collum
845 2363 1011 2439 amplexus,
1038 2363 1182 2422 Sinonem

191 2483 269 2523 onus
285 2464 440 2540 deponere
458 2460 623 2538 prohibuit.
669 2462 749 2520 Tum
766 2460 871 2533 Sinon,
888 2463 972 2538 quod
992 2462 1101 2521 laetari
1120 2471 1183 2522 non
1262 2522 1264 2525 .

191 2564 334 2635 audebat,
351 2581 446 2621 senex
461 2561 542 2622 enim
558 2561 625 2620 dira
641 2561 784 2638 amplexa
803 2580 873 2620 eurn
892 2561 1073 2634 suffocabat,
1090 2563 1184 2621 domi-

190 2682 263 2721 num
279 2663 338 2721 hire
358 2662 429 2721 illi1c
450 2681 505 2738 per
525 2669 623 2721 tatum
643 2661 725 2719 diem
739 2662 850 2721 vehere
871 2670 997 2721 coactus
1015 2671 1071 2721 est.
1117 2665 1184 2722 Nee

191 2783 251 2822 nox
266 2763 381 2823 labaris
396 2762 492 2821 finem
506 2761 587 2833 fecit,
607 2780 702 2820 senex
717 2761 799 2820 enirn
814 2761 906 2821 etiarn
922 2762 1076 2821 dormiens
1092 2772 1184 2840 capti-

190 2883 261 2923 vum
277 2863 371 2922 artius
388 2862 636 2939 amplectebatur.
680 2864 806 2922 Postero
818 2871 921 2920 tamen
936 2862 995 2934 die,
1012 2862 1085 2921 dum
1100 2862 1183 2922 iassir

190 2964 305 3023 domini
329 2982 383 3040 per
407 2963 515 3021 silvam
537 2961 595 3020 iter
617 2961 700 3034 facit,
719 2962 816 3021 Sinon
838 2972 964 3039 repente
986 2971 1079 3040 eaput
1101 2963 1184 3022 senis

190 3064 308 3123 arboris
324 3070 408 3121 ramo
425 3071 478 3138 qui
500 3062 699 3138 impendebat
719 3062 852 3121 maxima
871 3071 901 3120 vi
924 3062 1068 3121 admovit.
1113 3063 1184 3136 Quo

190 3172 252 3222 ictu
268 3162 460 3238 stupefactus
476 3181 571 3221 senex
583 3171 671 3220 crara
683 3162 795 3222 laxavit
808 3171 900 3239 atque
916 3164 956 3222 ad
970 3172 1082 3222 terram
1097 3163 1185 3221 mori·

189 3262 313 3321 bundus
329 3261 449 3320 cecidit.

255 3377 383 3441 vagatus,
396 3389 437 3438 94›
451 3389 473 3423 1-
531 3360 537 3375 '
818 3381 870 3431 nuc
882 3379 955 3445 inae,
969 3394 1010 3445 93,
1022 3395 1045 3445 9.

256 3459 421 3523 sublevavit,
435 3458 474 3516 68,
491 3472 527 3508 10.
818 3465 924 3528 vehere,
932 3470 1046 3526 portare.

255 3540 362 3607 lactari,
375 3543 527 3590 contendere·
818 3548 924 3614 cecidit,
936 3548 1006 3597 from
1017 3550 1084 3598 cada
