2684 3942
558 304 799 353 ANECDOTES.

519 584 566 642 28.
606 588 667 643 The
687 586 841 644 standard.

226 745 387 818 Ricardus‚
404 751 457 803 rex
473 745 696 819 Britannfirum
714 745 785 805 elim
801 765 870 805 curn
890 746 1045 805 Solimz'inii
1064 745 1178 805 bellum

182 846 317 922 gerebat.
377 845 493 905 Multus
529 846 647 922 equites
680 846 869 905 diversarum
900 845 1046 922 gentium,
1077 845 1178 904 sociiis

184 945 399 1022 adiutbresque
428 945 510 1018 belli,
540 946 684 1004 habebat.
731 947 775 1004 Hi
803 945 892 1004 fortis
920 944 1000 1022 regis
1030 945 1180 1005 timebant

176 1040 323 1105 'virtutem
353 1045 408 1104 sed
437 1045 612 1121 superbiam
641 1064 750 1122 parum
779 1045 932 1104 amabant.
998 1045 1088 1103 Ferte
1126 1051 1179 1102 rex

184 1165 272 1204 suum
298 1154 419 1222 signum
444 1145 476 1203 in
503 1145 564 1204 alte
588 1155 619 1204 et
644 1154 757 1222 insigni
781 1145 850 1204 loci)
876 1143 1085 1203 censtituerat.
1141 1144 1179 1202 Id

183 1245 326 1304 movebat
342 1254 416 1303 iram
432 1244 584 1304 socierum
605 1254 636 1304 et
656 1254 749 1304 noctu
769 1254 891 1322 signum
909 1243 1066 1303 divellunt.
1111 1245 1179 1302 Rex

183 1345 284 1423 igitur,
302 1345 354 1404 ubi
370 1345 491 1422 rept'mit
506 1354 634 1422 signum,
653 1345 760 1422 deligit
775 1344 934 1404 custtidem
954 1344 1014 1402 loci
1033 1342 1176 1420 equitem,

166 1444 308 1504 -ntimine
324 1446 506 1505 Cennetum.
552 1447 619 1504 Nec
634 1445 684 1504 ille
700 1454 818 1504 tantum
833 1445 982 1503 hondrem
1005 1452 1127 1503 recusat
1148 1453 1179 1502 at

183 1545 282 1605 laetus
298 1564 381 1603 arma
395 1545 503 1604 induit.
549 1546 635 1618 Inde,
648 1554 707 1605 etsi
722 1545 788 1622 ipse
804 1544 1044 1621 haudquaquam
1059 1544 1178 1602 hostem

184 1646 320 1718 timebat,
337 1664 445 1705 canem
460 1645 582 1705 fidelem
597 1645 719 1723 vigiliae
735 1644 877 1705 comitem
893 1644 1062 1703 advocavit

218 1806 336 1870 gerebat,
350 1817 425 1862 22,·2.
740 1804 885 1869 divellunt,
899 1817 938 1863 24,
952 1817 973 1851 2.

217 1887 383 1952 superbiam,
393 1887 425 1936 cf.
438 1888 567 1949 superbus,
582 1901 619 1944 10,
633 1902 655 1952 3.
739 1889 859 1952 tantum,
874 1901 912 1944 22,
924 1886 948 1935 8.

217 1983 324 2036 parum,
338 1976 389 2019 min
402 1971 521 2019 multum.
740 1973 854 2036 recusat,
870 1984 907 2035 13,
920 1985 943 2033 7.

418 2226 466 2284 29.
506 2213 567 2268 The
586 2212 942 2269 standard-continued.

228 2375 298 2433 Nox
316 2382 381 2433 erat
398 2382 429 2433 et
449 2373 521 2431 lima
543 2379 653 2433 serens)
675 2373 813 2450 fulgebat
834 2373 929 2433 caele.
975 2371 1037 2432 Diu
1060 2381 1091 2433 et
1107 2372 1180 2450 vigi·

185 2474 284 2533 lanter
314 2474 471 2547 Cennetus
500 2472 599 2531 locum
629 2472 831 2532 custridiebat.
890 2476 933 2533 At
961 2473 1063 2532 subiti)
1094 2473 1181 2531 canis

185 2574 328 2632 latratum
353 2573 425 2631 edit.
471 2575 537 2631 Iam
562 2573 628 2649 ipse
652 2572 739 2631 audit
761 2573 861 2633 lenem
885 2573 1026 2632 sonitum.
1072 2573 1179 2632 Statim

186 2671 307 2751 stringit
329 2671 473 2750 gladium.
518 2675 561 2730 At
582 2679 642 2731 v6x
666 2679 748 2745 mita,
774 2673 964 2749 “Depnne,”
988 2671 1094 2748 inquit,
1113 2679 1181 2731 “te-

185 2774 269 2845 lum;
299 2772 425 2845 Cloelia,
450 2782 503 2832 tua
529 2779 652 2849 spensa,
669 2773 754 2831 haud
776 2773 883 2849 procul
908 2773 947 2831 ab
972 2772 1032 2831 heic
1058 2772 1125 2832 locri
1150 2779 1180 2831 te

186 2882 364 2948 exspectat3
387 2882 457 2932 veni
477 2871 569 2950 igitur
592 2879 711 2931 mecum
733 2872 902 2933 celeriter.’'
948 2872 1063 2932 Stultus
1086 2891 1181 2950 eques

185 2973 258 3032 fidei
272 2972 431 3032 immemor
447 2972 610 3031 statifme'm
627 2972 761 3045 deserit3
785 2972 929 3049 relinquit
949 2982 1053 3031 tamen
1073 2991 1181 3032 canem

185 3073 346 3133 custndem
374 3073 441 3132 loci.
488 3074 570 3131 Dum
593 3073 690 3144 abest
713 3072 889 3150 clangerem
912 3079 1064 3131 armtirum
1087 3073 1180 3145 audit

186 3173 299 3233 deinde
330 3172 486 3250 gemitum.
546 3173 661 3232 Doliire
696 3173 802 3232 furens
836 3172 963 3232 recurrit
998 3172 1037 3231 ad
1070 3172 1180 3233 locum.

184 3259 296 3332 Eheu!
321 3281 441 3351 signum
458 3273 547 3332 abest
562 3282 593 3331 et
612 3271 712 3332 fidelis
736 3278 841 3331 custus
865 3272 1066 3334 moribundus
1092 3272 1179 3331 iacet.

219 3438 292 3490 caelt')
304 3459 336 3480 =
348 3440 376 3486 in
388 3440 461 3488 caeli.
744 3438 819 3502 nita,
833 3451 871 3503 25,
885 3452 907 3501 9.

218 3522 316 3598 ltiiemp
330 3537 390 3595 opp.
403 3528 514 3580 acetum,
528 3534 567 3584 27,
579 3535 602 3582 4.
743 3520 929 3595 moribundus,
943 3533 966 3582 7,
978 3534 1002 3581 4.
