2684 3942
541 273 780 323 ANECDOTES.

513 587 562 646 61.
601 590 663 646 The
680 590 810 646 Wolves.

207 749 353 810 Omnium
369 748 555 822 animalium,
568 768 647 826 quae
664 749 820 828 Scythiam
836 749 981 823 incolunt
994 750 1160 811 taeterrimi

167 859 238 910 sunt
257 851 342 926 lupi;
365 850 397 907 hi
412 851 493 910 enim
512 869 604 926 saepe
624 850 662 908 ab
681 858 765 908 omni
784 858 871 926 parte
891 850 1077 909 conveniunt
1094 869 1160 927 per-

167 969 227 1027 que
246 951 339 1010 silvas
362 957 475 1027 magna
498 950 620 1027 agmine
646 949 792 1028 praedam
817 959 988 1027 exquirunt.
1034 951 1161 1010 Femina

166 1051 319 1127 quaedam
335 1069 404 1108 cum
419 1049 517 1108 tribus
533 1049 637 1108 liberis
655 1068 711 1125 per
729 1049 786 1108 has
805 1050 898 1109 silvas
917 1050 949 1107 in
967 1060 1056 1109 curra
1071 1051 1160 1109 vehe-

165 1151 263 1209 batur.
310 1150 419 1209 Subita
435 1149 576 1226 luparum
592 1148 743 1208 ululatum
761 1150 890 1208 audiunt
913 1159 944 1208 et
967 1169 1037 1209 mox
1061 1151 1159 1209 dirum

166 1259 276 1327 agmen
299 1259 434 1327 apparet.
483 1251 606 1308 Frustra
628 1249 681 1307 illa
706 1249 844 1308 habenas
871 1250 924 1308 dat
947 1258 1037 1326 equa,
1062 1258 1159 1327 equas

166 1351 248 1409 enim
270 1350 361 1409 facile
387 1359 478 1410 cursa
502 1348 632 1408 adsidua
658 1358 843 1425 exsuperant
867 1350 938 1426 lupi.
984 1350 1044 1408 Vix
1066 1351 1159 1410 breve

166 1451 300 1527 spatium
336 1449 542 1525 interponitur
578 1448 751 1525 miseraque
786 1449 902 1507 femina
937 1449 1057 1526 linguas
1093 1469 1160 1508 san-

165 1550 303 1628 guineas,
333 1550 439 1608 fauces
471 1549 582 1626 nigras,
613 1548 723 1608 dentes
753 1550 892 1608 crudeles
924 1549 1041 1626 aspicit.
1093 1552 1158 1609 Iam

164 1650 317 1713 fervidum
332 1649 470 1727 spiritum
487 1657 647 1709 saevarum
663 1649 839 1707 animalium
854 1650 918 1708 fere
934 1650 1035 1709 sentit.
1079 1652 1159 1709 Tum

165 1760 249 1809 meta
269 1757 385 1809 vesana
410 1758 507 1809 mater
532 1768 570 1807 ex
599 1759 688 1808 curra
711 1748 870 1808 minimum
899 1758 973 1809 nata
996 1732 1168 1809 liberarum¹

166 1851 260 1910 deicit
288 1860 320 1910 et
352 1849 436 1910 dana
471 1849 609 1909 horribili
642 1849 790 1928 impetum
824 1850 964 1926 luparum
998 1869 1160 1929 parumper

165 1951 297 2011 cohibet.

230 2101 389 2167 taeterrimi,
403 2101 545 2150 horribilis.
722 2101 895 2166 sanguineis,
912 2100 945 2150 cf.
957 2103 1070 2165 sanguis,
1082 2115 1122 2163 47,
1137 2114 1158 2166 5.

230 2185 349 2250 agmine,
359 2201 441 2248 grege,
455 2198 468 2232 2
473 2196 494 2249 5,
507 2184 530 2233 6.
722 2183 855 2249 fervidus,
870 2197 908 2249 59,
921 2199 945 2245 4.

230 2269 385 2332 exquirunt,
394 2274 498 2335 petunt,
722 2269 831 2333 vesane,
845 2273 943 2317 insana.

230 2353 360 2416 habenas,
374 2364 413 2409 21,
426 2363 449 2413 7.
722 2364 876 2417 parumper,
890 2367 949 2415 opp.
961 2351 1015 2410 dia,
1029 2365 1051 2409 2,
1066 2364 1086 2417 5.

412 2633 459 2689 62.
500 2633 561 2689 The
578 2633 908 2689 weluen-continued.

207 2797 308 2855 Prima
324 2802 410 2855 atrax
425 2794 587 2854 cansilium
605 2794 762 2867 successit,
779 2793 843 2871 lupi
863 2793 954 2866 enim,
971 2794 1045 2854 dum
1065 2801 1158 2855 saeva

163 2895 296 2955 clamare
325 2895 472 2971 praedam
500 2894 632 2970 rapiunt,
659 2903 770 2971 agmen
796 2894 926 2966 sistunt3
958 2914 1028 2953 mox
1053 2904 1157 2955 tamen

163 2995 216 3053 ubi
237 3014 359 3054 carnem
380 3014 418 3053 ex
435 2994 556 3053 ossibus
578 2993 679 3052 miseri
700 2994 826 3052 infantis
847 2994 1069 3054 dilaniaverant
1085 2995 1157 3074 (nec

145 3095 272 3175 ‚longus
288 3094 338 3152 ille
353 3093 412 3151 tuit
432 3093 531 3173 labor)
549 3093 657 3152 iterum
679 3093 869 3170 fugientibus
889 3094 1054 3153 instabant.
1100 3097 1159 3154 Ite

163 3213 229 3252 rum
243 3194 359 3252 femina
374 3193 479 3251 infelix
496 3192 577 3250 idem
597 3192 672 3252 facit
694 3193 883 3269 alterumque
906 3194 1055 3252 infantem
1077 3194 1158 3270 lupis

163 3293 315 3352 concedit.
355 3294 482 3368 Iamque
498 3311 552 3367 per
567 3292 700 3364 arbores
714 3294 922 3369 spectaculum
941 3293 1155 3370 gratissimum,

163 3402 229 3452 visa
243 3401 316 3451 sunt
330 3399 411 3451 tecta
427 3391 548 3449 aedium
563 3391 595 3450 in
610 3392 722 3466 quibus
738 3402 827 3451 amici
841 3393 1024 3453 habitabant
1044 3394 1158 3454 fessus·

164 3511 223 3567 que
232 3510 330 3567 equus
342 3490 510 3567 ingeminat
521 3508 653 3560 cursum.
692 3492 759 3550 Nec
771 3501 874 3552 tamen
885 3495 1010 3552 domum
1023 3493 1156 3568 advenit,
