2684 3942
468 330 470 333 -
568 297 807 349 ANECDOTES.
1097 234 1121 282 v
1153 299 1186 354 21

191 470 309 526 catinis
331 467 474 525 iuvenem
496 467 591 525 vincit
616 468 790 544 superbum.
837 471 910 527 Post
936 478 1065 529 mortem
1090 470 1186 547 patris

191 566 310 625 iuvenis
341 568 506 639 Henricus,
538 566 597 625 iam
627 574 688 639 rex,
719 567 813 626 iudici
841 568 977 644 praemia
1007 569 1101 646 digna
1133 570 1187 628 dat

191 667 346 743 habetque
362 666 392 724 in
410 673 576 725 amicorum
592 674 728 725 numero.

256 816 375 881 pigrum,
388 815 421 864 cf.
434 817 548 878 impigri,
562 831 584 880 3,
600 830 620 863 1.
780 818 911 882 postulat,
924 832 947 878 4,
960 831 983 879 7.

257 897 335 963 furti,
343 913 366 959 4,
375 913 406 960 4;
425 898 661 963 cf.farem,12,1o.
780 900 883 965 delicti,
897 903 965 949 mali
970 903 1045 966 facti,
1060 916 1082 965 9,
1095 915 1118 963 7.

463 1081 508 1137 16.
548 1082 649 1138 Alfred
667 1083 725 1138 and
743 1085 793 1139 the
811 1084 913 1139 ealres.

232 1224 395 1298 Aluredus,
409 1232 461 1284 rex
474 1225 698 1299 Britannorum,
712 1246 781 1284 cum
795 1229 893 1286 Dinis
909 1245 1002 1303 saepe
1017 1228 1183 1304 pugnabat.

192 1328 326 1383 Primum
342 1327 425 1384 Dani
440 1325 545 1403 copias
561 1325 661 1403 regias
676 1326 850 1399 vincebant,
864 1336 895 1385 et
917 1334 968 1385 rex
984 1328 1070 1386 exsul
1085 1327 1187 1404 hospi·

190 1425 267 1484 tium
282 1425 321 1484 ab
337 1425 445 1483 incolis
460 1444 573 1501 parvae
589 1444 681 1484 casae
697 1425 783 1503 petit.
829 1426 954 1485 Incolae
972 1427 1086 1504 figurae
1105 1427 1186 1504 regis

190 1525 280 1583 inscii
295 1524 410 1601 hospiti
425 1532 534 1583 cenam
550 1525 692 1602 exiguam
707 1526 881 1602 lectumque
897 1527 1005 1585 durum
1026 1527 1184 1603 praebent.

191 1625 344 1683 Postridie
356 1626 396 1683 ad
411 1626 548 1685 laborem
559 1637 700 1704 pergunt.
732 1626 877 1703 Agricola
886 1633 960 1685 oves
972 1626 1073 1704 pascit
1084 1650 1090 1698 3
1111 1646 1186 1686 uxor

191 1725 283 1783 verrit
305 1725 419 1797 aedes5
448 1732 501 1784 rex
523 1735 625 1802 ignem
648 1725 787 1785 incendit
811 1736 967 1802 torretque
994 1726 1065 1785 liba.
1111 1728 1187 1785 Mox

190 1834 293 1883 tamen
309 1825 392 1900 quod
408 1825 562 1884 Aluredus
582 1825 687 1886 multis
708 1835 788 1884 curis
811 1826 921 1885 anxius
943 1826 1080 1885 laborem
1102 1845 1187 1902 prae-

190 1924 339 1996 termittit,
362 1924 504 1983 flammae
527 1923 658 1984 adurunt
681 1925 752 1984 liba.
797 1928 839 1991 At
862 1945 937 1985 uxor
957 1925 1111 2003 agricolae
1133 1925 1185 1984 ubi

190 2024 306 2083 factum
335 2024 419 2083 videt
448 2033 491 2083 ira
520 2019 613 2101 plina
641 2026 795 2103 hospitem
825 2026 945 2102 pigrum
976 2026 1124 2103 increpat,
1155 2035 1186 2084 et

190 2125 297 2183 dextra
312 2131 401 2184 aures
417 2124 516 2202 regias
532 2125 682 2185 verberat.
729 2126 790 2184 Sed
810 2133 862 2185 rex
882 2144 1013 2203 poenam
1033 2125 1186 2201 patienter

190 2224 310 2283 tolerat.

257 2332 338 2397 petit,
354 2346 392 2394 14,
407 2346 427 2398 5.
780 2337 860 2401 cirria,
877 2351 913 2393 10,
928 2350 949 2383 2.

258 2416 372 2480 hospiti,
385 2416 454 2465 from
466 2419 560 2480 hospes.
779 2419 985 2483 praetermittit,
1002 2432 1038 2482 13,
1050 2431 1074 2481 9.

185 2533 190 2541 ·
257 2497 394 2563 exiguam,
408 2506 529 2561 parvam.
779 2503 906 2567 adurunt,
919 2502 1065 2550 incendunt.

256 2582 346 2648 aedis,
362 2596 399 2639 11,
412 2581 435 2631 6.
779 2586 868 2649 regias
880 2607 912 2626 =
923 2586 1004 2649 regis.

477 2777 522 2836 17.
563 2765 612 2821 Sir
630 2765 744 2822 Walter
761 2766 896 2837 Raleigh.

233 2906 420 2981 elisabetha,
443 2916 549 2985 regina
576 2909 791 2982 Brittanorum
818 2918 920 2969 vestes
947 2908 1128 2986 splendidas
1154 2918 1185 2967 et

189 3006 341 3081 pretiosas
371 3026 492 3084 semper
519 3011 655 3085 gerebat.
702 3013 793 3081 Eone
822 3018 933 3088 magna
963 3029 1032 3068 cum
1062 3017 1185 3068 caterva

189 3106 335 3164 comitum
350 3127 404 3183 per
419 3116 504 3167 vicos
524 3109 609 3169 urbis
632 3110 818 3169 ambulabat.
865 3111 973 3170 Subito
996 3120 1066 3169 ante
1088 3110 1184 3187 pedes

189 3205 435 3267 multumvidet·
455 3208 561 3268 lutum.
607 3212 728 3287 Regina
757 3220 818 3270 stat
847 3211 963 3270 incerta
993 3212 1075 3288 quod
1104 3210 1184 3269 viam

189 3305 337 3365 lubricam
366 3307 462 3367 timet.
507 3312 550 3367 At
578 3328 616 3368 ex
645 3312 735 3370 turba
764 3312 866 3370 exsilit
894 3311 1034 3384 iuvenis3
1072 3318 1184 3368 umeris

189 3425 301 3465 novum
318 3407 445 3483 pallium
467 3409 601 3468 detrahit
623 3420 654 3470 et
676 3411 778 3470 locum
800 3412 875 3489 tegit
891 3417 1096 3481 vestiment63
1119 3420 1184 3468 tum

189 3505 299 3566 iterum
319 3506 359 3566 ad
379 3509 481 3567 socios
504 3510 638 3569 recurrit.
684 3513 781 3570 Laeta
806 3519 911 3589 regina
938 3529 1030 3587 super
1058 3507 1184 3586 pallium
