2684 3942
568 330 808 381 ANECDOTES.

476 579 523 635 26.
563 580 624 637 The
643 580 797 637 Vulture‘s
816 580 900 637 lteet.

234 726 343 784 Voltur
361 724 432 784 alim
450 724 580 783 finxerat
597 722 703 783 nidum
725 724 758 782 in
781 725 841 783 alta
864 734 895 784 et
916 733 1078 802 praerupta
1101 733 1184 801 nipe.

195 827 257 883 Hic
283 825 336 883 din
360 824 485 900 impune
510 831 633 883 teneres
656 823 757 900 pullus
781 824 891 883 alebat.
937 826 1035 901 Saepe
1059 825 1187 885 iuvenes

194 926 375 984 descensum
391 924 430 982 ad
446 923 551 983 nidum
562 932 764 996 tentaverant,
781 933 813 983 at
822 925 943 996 frustra,
956 925 1028 1001 quia
1038 944 1187 1002 praeceps

194 1026 337 1101 scopulus
363 1024 542 1083 imminebat
568 1034 598 1082 et
627 1023 743 1082 lubrica
773 1042 847 1082 saxa
872 1025 1001 1101 vestigia
1028 1025 1186 1084 fallebant.

195 1125 334 1183 Tandem
350 1143 445 1184 senex
460 1123 587 1183 iuvenes
601 1124 651 1182 his
665 1123 768 1182 verbis
783 1124 922 1196 deridet,
959 1131 976 1158 ‘⁴
987 1126 1057 1197 Cur,
1075 1133 1185 1202 ignavi,

194 1224 362 1303 periculum
391 1224 525 1283 timeatis?
563 1227 656 1283 ecce!
693 1242 763 1282 mea
791 1242 886 1299 parva
915 1224 982 1283 filia
1015 1224 1055 1283 ad
1087 1225 1187 1284 locum

195 1325 391 1384 descendet.'’
437 1326 569 1382 Iuvenes
592 1332 650 1382 etsi
672 1342 736 1382 rem
756 1323 807 1381 vix
829 1324 966 1397 credunt,
982 1334 1085 1384 tamen
1106 1345 1188 1384 man·

195 1426 268 1484 data
282 1425 348 1483 eius
368 1433 527 1501 peragunt.
573 1425 690 1500 Magna
710 1442 842 1499 quercus
864 1424 1062 1501 impendebat
1083 1444 1188 1502 scopu-

195 1525 225 1584 10
239 1549 245 1596 ;
268 1525 340 1583 huic
354 1525 459 1583 funem
475 1533 582 1600 aptant
596 1533 627 1582 et
641 1523 745 1582 omnia
759 1533 876 1601 parant.

261 1657 387 1721 finxerat,
400 1656 468 1705 from
478 1657 560 1720 finge.
784 1657 898 1721 lubrica,
914 1669 951 1718 17,
966 1669 987 1721 5.

262 1741 316 1805 hic,
329 1743 358 1788 in
371 1740 415 1789 ho'c
429 1741 486 1788 loca
785 1740 890 1805 ignavi,
906 1753 926 1794 1.
942 1753 961 1787 1.

260 1826 443 1888 tentaverant,
458 1837 495 1881 21,
511 1836 531 1888 5.
787 1836 855 1888 eece,
871 1837 908 1880 12,
920 1823 944 1872 8.

379 2036 426 2095 27.
466 2024 527 2079 The
546 2023 700 2079 Vulture'e
719 2022 1001 2079 Uest—continued

239 2171 304 2227 Iam
327 2187 422 2227 senex
443 2174 550 2227 teneri)
572 2175 693 2243 corpori
708 2167 835 2244 virginis
856 2168 961 2226 funem
984 2175 1072 2226 caute
1095 2178 1188 2244 aptat.

196 2270 276 2327 Tum
299 2287 353 2327 sex
382 2266 475 2326 validi
503 2267 630 2326 iuvenes
659 2285 727 2325 eam
756 2286 794 2326 ex
823 2267 884 2326 alta
913 2276 987 2343 rupe
1017 2267 1188 2327 demittunt.

197 2370 313 2428 Omnes
330 2367 415 2426 taciti
435 2374 578 2427 eventum
599 2376 800 2443 exspectant;
824 2375 856 2426 at
875 2366 927 2425 illa
947 2374 1054 2426 secura
1073 2368 1189 2427 aerium

195 2468 253 2529 iter
281 2468 381 2546 pergit
409 2477 439 2527 et
468 2475 580 2545 magud
609 2474 702 2527 contu
731 2467 871 2526 defendit
900 2474 1006 2527 acutus
1036 2469 1187 2544 scopulus.

196 2571 263 2628 Iam
279 2567 418 2646 pervenit
433 2567 472 2626 ad
487 2567 592 2626 nidum
608 2576 639 2627 et
653 2567 761 2627 dextra
784 2586 911 2644 parvum
926 2567 1074 2627 volturem
1095 2578 1187 2628 tenet.

197 2669 305 2730 Statim
320 2669 373 2727 dat
388 2677 508 2744 signum
523 2667 647 2726 reditus.
693 2669 735 2725 At
752 2676 839 2742 pater
858 2667 957 2726 voltur
977 2667 1063 2726 audit
1081 2675 1188 2728 vacem

195 2769 289 2847 prulis
305 2779 336 2828 et
350 2774 463 2846 magni)
479 2768 621 2845 clangere
647 2767 780 2843 puellam
798 2766 883 2844 petit.
929 2767 986 2826 llla
1003 2777 1114 2840 tamen,
1131 2778 1188 2827 etsi

195 2879 279 2929 saevi
304 2869 386 2928 alitis
409 2875 528 2946 ungues
551 2876 674 2926 teneras
698 2876 806 2925 manus
831 2867 1008 2940 dilacerant,
1031 2868 1129 2928 cultrd
1155 2877 1188 2927 se

195 2969 335 3029 defendit
364 2988 421 3028 nec
450 2967 595 3045 praedam
625 2966 765 3026 demittit.
831 2969 898 3025 Iam
927 2968 1054 3027 iuvenes
1083 2967 1189 3027 vident

195 3070 363 3146 periculum
383 3068 502 3145 puellae
520 3066 772 3145 ingeminantque
792 3067 937 3127 labdrem.
994 3070 1068 3128 Mox
1089 3068 1188 3127 laetus

194 3178 282 3246 pater
297 3169 445 3228 audacem
460 3168 556 3226 filiam
572 3168 712 3244 amplexu
727 3176 819 3227 tenet.
1144 3152 1146 3155 ¹

261 3303 326 3368 nm,
340 3315 363 3364 7,
379 3316 399 3351 1·
781 3300 942 3365 peut,13‚7

260 3385 359 3452 pergit,
375 3385 412 3443 16,
427 3398 448 3450 5.
782 3385 845 3448 etsi,
860 3384 898 3441 26,
911 3398 935 3446 7.

260 3471 363 3534 acilius,
377 3469 409 3517 cf.
422 3471 496 3526 acuit,
509 3482 546 3532 19,
559 3481 582 3529 7.
781 3467 868 3532 alitis,
881 3468 944 3515 avis.

259 3552 354 3620 mulie,
368 3554 512 3615 pallarum,
526 3549 565 3609 26,
579 3564 602 3598 2.
781 3551 876 3613 cultrb,
892 3548 965 3611 19,6·
