2684 3942
520 279 598 334 THE
620 278 858 333 ARGONAUTS.
1138 280 1186 335 107

190 450 228 515 de
244 447 310 514 eius
334 447 431 513 salute
455 453 619 530 desperare
636 458 804 528 coeperunt
826 469 884 510 nec
907 450 1091 510 dubitabant
1111 459 1184 527 quin

190 554 285 630 aliqui
308 563 399 613 casus
425 552 598 612 accidisset.
644 553 733 626 Quae
748 570 817 609 cum
842 550 884 609 ita
904 559 1018 623 essent,
1035 560 1185 610 maturan-

190 655 263 712 dum
287 652 347 713 sibi
371 659 565 724 censuerunt,
588 662 621 711 ut
644 651 790 710 auxilium
807 651 880 709 duci
901 651 1035 710 terrent:
1058 661 1089 710 et
1112 650 1185 709 dum

190 754 343 830 proficisci
378 763 489 830 parant
525 753 628 811 himen
660 751 817 828 quoddam
853 750 955 811 subito
990 750 1186 826 conspiciunt

190 864 298 913 mirum
319 853 351 911 in
377 853 501 912 modum
526 852 605 912 inter
628 852 721 910 silvas
743 850 918 928 refulgens:
949 860 980 909 et
1000 858 1185 927 magnopere

191 963 290 1013 mirati
314 973 393 1029 quae
417 971 512 1012 causa
537 961 621 1012 esset
644 952 710 1010 eius
734 959 777 1010 rei
801 950 841 1008 ad
864 950 965 1009 locum
989 959 1184 1009 concurrunt.

191 1054 262 1127 Quo
292 1072 361 1113 cum
392 1053 558 1126 venissent,
592 1054 697 1111 Iasoni
727 1060 757 1110 et
788 1050 921 1109 Medeae
950 1049 1186 1109 advenientibus

191 1161 388 1213 occurrerunt
411 1163 442 1213 et
467 1152 566 1212 vellus
590 1170 716 1210 aureum
742 1149 864 1209 himinis
883 1149 950 1208 eius
970 1168 1095 1208 causam
1117 1168 1186 1209 esse

191 1260 410 1330 cognoverunt.
456 1252 549 1312 Omni
571 1252 680 1311 timore
702 1250 833 1322 sublato,
850 1256 963 1326 magno
981 1267 1050 1307 cum
1071 1249 1186 1325 gaudio

191 1353 301 1411 ducem
318 1372 406 1412 suum
421 1359 607 1429 exceperunt
622 1360 652 1410 et
668 1350 716 1410 dis
730 1350 845 1428 gratias
859 1349 991 1409 libenter
1005 1348 1187 1408 rettulerunt

192 1453 275 1529 quod
290 1459 338 1512 res
354 1452 396 1512 ita
410 1451 540 1512 feliciter
555 1450 717 1511 evenisset.

380 1774 443 1832 131.
483 1760 614 1816 Pursued
631 1759 742 1832 hythe
759 1757 865 1831 Angry
882 1757 997 1815 Father.

235 1964 295 2022 His
315 1963 406 2021 rebus
426 1971 531 2040 gestis
549 1969 655 2022 omnes
672 1960 740 2021 sine
760 1970 846 2020 morai
865 1970 974 2021 navem
994 1971 1098 2020 rursus
1115 1969 1185 2022 con-

190 2063 377 2121 scenderunt
400 2072 432 2121 et
460 2062 590 2121 sublatis
613 2072 734 2120 ancoris
758 2070 855 2138 prima
879 2060 982 2138 vigilia
1011 2062 1184 2121 solverunt:

192 2182 292 2238 neque
317 2162 398 2221 enim
425 2162 500 2221 satis
524 2171 622 2221 tritum
648 2181 718 2221 esse
745 2161 884 2221 arbitrati
909 2171 981 2220 sunt
1001 2162 1031 2219 in
1056 2169 1094 2221 eo
1116 2163 1185 2221 loco

191 2270 323 2321 manere.
370 2265 411 2320 At
436 2269 489 2321 rex
513 2264 636 2334 Aeetes,
663 2270 717 2338 qui
742 2261 803 2319 iam
829 2271 901 2320 ante
925 2261 1049 2321 inimico
1073 2262 1104 2319 in
1130 2268 1184 2321 eos

189 2362 290 2421 fuerat
313 2362 425 2433 animo,
452 2361 505 2420 ubi
531 2362 676 2438 cognovit
702 2361 799 2419 filiam
825 2381 911 2420 suam
937 2369 999 2420 non
1026 2362 1118 2420 modo
1144 2362 1185 2420 ad

190 2464 387 2539 Argonautis
403 2469 436 2520 se
451 2461 605 2537 recepisse
621 2462 678 2520 sed
700 2460 792 2520 etiam
809 2461 849 2520 ad
870 2461 968 2520 vellus
983 2462 1185 2521 auferendum

189 2561 335 2620 auxilium
363 2561 481 2633 tulisse,
511 2562 571 2620 hoe
600 2561 706 2621 dolore
735 2561 858 2638 gravius
887 2561 1009 2620 exarsit.
1066 2563 1185 2620 Navem

189 2662 312 2739 longam
331 2680 424 2737 quam
446 2660 602 2720 celerrime
625 2661 738 2721 deduci
761 2661 849 2720 iussit
870 2671 901 2720 et
923 2661 1071 2720 militibus
1092 2661 1185 2739 impo

189 2761 257 2820 sitis
285 2762 440 2838 fugientes
471 2771 628 2821 insecutus
658 2772 716 2820 est.
780 2764 985 2839 Argonautae,
1017 2772 1070 2839 qui
1104 2763 1184 2821 bene

188 2861 328 2921 sciebant
354 2881 417 2920 rem
443 2861 475 2919 in
503 2861 680 2921 discrimine
705 2881 782 2933 esse,
809 2872 935 2921 summis
956 2862 1071 2922 viribus
1095 2870 1185 2921 remis

189 2963 439 3021 contendebant:
471 2981 540 3020 cum
557 2971 659 3020 tamen
678 2963 765 3021 navis
781 2971 842 3039 qua
857 2963 1049 3021 vehebantur
1068 2962 1185 3038 ingenti

188 3072 272 3121 esset
301 3061 521 3138 magnitudine,
554 3070 616 3121 non
647 3062 757 3121 eadem
792 3062 947 3122 celeritate
976 3071 1037 3139 qua
1078 3062 1187 3123 Colchi

187 3163 331 3239 progredi
348 3171 500 3238 poterant.
545 3163 634 3236 Quae
650 3181 719 3220 cum
742 3162 785 3221 ita
800 3171 912 3233 essent,
930 3162 1089 3220 minimum
1107 3162 1185 3221 afuit

188 3271 262 3338 quin
280 3270 299 3321 ῑι
316 3262 441 3322 Colchis
465 3262 666 3337 sequentibus
690 3272 873 3338 caperentur
895 3282 996 3339 neque
1018 3263 1100 3321 enim
1123 3262 1185 3319 lon-

187 3361 256 3438 gius
281 3361 427 3421 intererat
444 3380 534 3438 quam
552 3368 612 3437 quo
628 3363 722 3420 telum
743 3362 824 3420 adici
845 3372 958 3438 posset.
1003 3365 1044 3420 At
1061 3363 1182 3432 Medea,

188 3480 257 3521 cum
286 3462 416 3521 vidisset
442 3469 503 3537 quo
533 3460 564 3518 in
591 3460 659 3519 loco
683 3468 731 3519 res
757 3472 870 3533 essent,
897 3481 996 3538 paene
1022 3468 1106 3520 omni
1129 3467 1184 3535 spe

189 3561 339 3641 deposita,
364 3562 525 3620 infandum
547 3561 607 3621 hoc
629 3562 791 3621 eonsilium
815 3562 904 3641 cepit.
