2684 3942
558 309 796 357 ANECDOTES.

312 543 569 601 ANECDOTES
601 543 689 601 FOR
717 543 1038 602 TRANSLATION.

222 691 296 756 The
318 691 490 774 following
511 701 569 755 ten
590 693 771 755 anecdotes
792 693 922 775 require
939 714 959 756 a
975 693 1173 777 knowledge

176 800 267 863 of-

219 941 266 1021 (a)
291 940 492 1018 Comparison
508 962 527 1001 o
527 942 676 1019 {regular
691 942 868 1020 adjectives

219 1041 232 1119 l

219 1141 232 1219 l

233 1042 263 1121 b)
290 1042 436 1100 Numeral
451 1041 512 1099 and
527 1041 719 1117 pronominal
736 1041 912 1119 adjectives.

233 1141 258 1220 c)
289 1141 459 1200 Indicative
484 1141 615 1301 }active
637 1141 669 1200 of
691 1140 812 1200 verbs
805 1160 836 1198 in
855 1144 902 1214 ·io,
924 1142 1007 1200 third
1029 1143 1172 1221 conjuga-

288 1240 472 1317 Imperative
557 1241 630 1301 tion

423 1437 472 1511 36.
511 1439 573 1495 The
590 1439 683 1495 Babes
702 1440 734 1494 in
753 1441 805 1496 the
822 1440 922 1496 Wood.

218 1583 289 1642 Duo
318 1582 390 1642 olim
419 1591 506 1642 erant
533 1582 653 1655 fratres,
677 1583 789 1642 Verres
819 1593 850 1642 et
879 1584 999 1643 Timon.
1049 1585 1171 1643 Horum

175 1682 301 1741 alterum
317 1682 418 1759 gravis
433 1682 619 1757 corripuerat
634 1682 767 1741 morbus.
814 1684 877 1740 Hic
892 1682 953 1741 iam
969 1683 1169 1743 moribundus

174 1782 300 1841 fretrem
312 1781 352 1839 ad
363 1782 474 1840 lectum
484 1781 605 1840 vocevit
614 1790 704 1857 eique
716 1791 820 1841 coram
832 1790 994 1858 parvorum
1006 1783 1170 1842 liberorum

174 1881 339 1940 mandevit.
393 1881 449 1940 Ille
474 1881 576 1939 multis
602 1900 672 1940 cum
698 1882 831 1941 lacrimis
857 1882 1035 1941 mandatum
1058 1882 1171 1959 accipit

173 1981 326 2057 fidemque
342 1991 435 2039 onum
451 1999 565 2039 annum
580 1981 731 2059 integram
748 1991 857 2040 servat.
904 1982 1047 2041 Secundo
1067 1991 1170 2042 tamen

139 2099 143 2107 ’
174 2089 264 2154 anno,
295 2081 378 2157 quod
414 2081 501 2140 liberi
537 2090 623 2142 erant
653 2091 734 2159 agris
763 2091 956 2157 numinisque
986 2082 1168 2155 divitissimi,

173 2191 299 2257 patruus
318 2190 384 2239 auri
404 2181 512 2239 avidus
534 2180 662 2240 insidias
683 2181 847 2257 nepotibus
869 2182 1014 2241 struebat.
1060 2184 1169 2258 Itaque

173 2282 251 2340 duos
280 2282 413 2340 latrones
442 2282 482 2339 ad
511 2288 578 2341 sese
608 2281 750 2357 appellat.
805 2281 1030 2354 “Interficite‚’'
1061 2281 1169 2358 inquit,

174 2382 279 2441 “clam
308 2383 366 2441 hos
395 2381 545 2454 infantes3
582 2381 671 2440 vobis
704 2389 848 2457 magnum
884 2381 1006 2457 pondus
1042 2390 1168 2458 argenti,

172 2481 302 2559 pretium
325 2480 437 2554 caedis,
461 2481 573 2540 dabo.''

238 2614 422 2678 moribundus,
437 2627 475 2678 29,
492 2627 529 2664 10.
740 2612 868 2678 nummis,
876 2615 996 2675 pecanid.

238 2698 407 2762 mauditum,
421 2696 460 2755 26,
473 2710 496 2759 7.
739 2696 892 2762 interficite,
908 2699 1014 2756 occidite,
1028 2711 1067 2755 21,
1079 2696 1102 2746 8.

281 2878 286 2883 ’
319 2890 367 2951 37.
406 2878 468 2934 'the
486 2878 578 2934 Bnbes
597 2878 629 2932 in
647 2879 699 2934 the
717 2878 1018 2935 Wood-continued.

213 3022 364 3081 Postridie
391 3023 503 3081 Timon
527 3022 607 3080 malo
628 3022 737 3081 fraude
759 3010 894 3097 nepotes
912 3022 951 3080 ad
974 3030 1006 3081 se
1029 3023 1167 3084 advocat.

172 3122 334 3193 “Hodie”
351 3121 459 3197 inquit,
478 3129 623 3180 “vicinae
642 3121 727 3180 urbis
747 3121 865 3180 incolae
887 3122 981 3181 serios
1004 3132 1114 3199 agunt;
1137 3123 1169 3180 hi

170 3221 262 3298 igitur
291 3241 328 3280 ex
362 3230 437 3280 meis
471 3229 566 3280 servis
599 3221 778 3291 fidelissimi,
809 3221 988 3280 deliciarum
1017 3230 1110 3280 causo
1139 3231 1169 3281 et

169 3321 343 3397 voluptatis
375 3329 430 3380 vos
460 3321 500 3379 ad
528 3321 628 3381 locum
659 3321 803 3381 docent.''
860 3320 955 3379 Simul
985 3331 1077 3380 mano
1106 3322 1168 3381 duo

169 3423 302 3480 latrones
325 3420 467 3479 ostendit.
512 3421 616 3480 Liberi
640 3428 754 3498 magno
776 3440 846 3480 curn
868 3421 982 3498 gaudio
1005 3421 1169 3481 discedunt

169 3530 200 3587 et
228 3520 289 3586 iam
318 3520 421 3586 animo
447 3520 528 3586 mille
554 3521 687 3581 laetitias
713 3520 915 3605 praecipiunt.
966 3522 1041 3582 Mox
1067 3532 1168 3587 autem
