2684 3942
587 277 633 332 UL
641 281 755 333 isses

559 560 623 622 147.
663 550 783 620 Escape.

217 700 258 755 At
283 696 499 774 Polyphemus,
517 694 570 753 ubi
593 694 695 753 socios
717 701 789 754 suos
811 688 924 754 abiisse
944 696 1049 768 sensit,
1066 697 1168 757 furore

175 807 267 873 atque
286 795 419 855 amentio
438 795 588 871 impulsus
611 794 735 853 Ulixem
754 794 862 853 iterum
878 815 1024 871 quaerere
1045 797 1166 873 coepit:

174 897 300 956 tandem
316 915 385 954 cum
400 903 521 971 portam
535 894 714 966 invenisset,
732 914 838 974 saxum
854 902 916 971 quo
932 896 1089 955 obstructa
1104 907 1169 957 erat

175 996 297 1069 amovit,
314 1005 348 1054 ut
371 1014 466 1072 pecus
490 994 530 1052 ad
554 1001 643 1071 agros
666 1003 771 1053 exiret.
815 996 895 1053 Tum
911 995 981 1071 ipse
996 996 1029 1054 in
1044 996 1169 1056 introitu

176 1097 257 1156 sedit
278 1105 309 1154 et
332 1105 365 1154 ut
379 1113 520 1170 quaeque
537 1093 604 1152 ovis
627 1093 666 1152 ad
689 1094 790 1153 locum
811 1101 945 1168 venerat
963 1105 1081 1172 tergum
1103 1096 1169 1156 eius

176 1196 318 1254 manibus
334 1195 493 1266 tractabat,
511 1201 549 1252 ne
565 1193 621 1253 viri
636 1193 715 1253 inter
729 1201 803 1253 oves
818 1204 899 1254 exire
915 1206 1051 1271 possent.
1076 1196 1169 1270 Quod

176 1315 245 1354 cum
269 1293 537 1353 animadvertisset
563 1293 681 1366 Ulixes,
705 1294 764 1352 hoc
791 1293 858 1352 iniit
880 1295 1058 1367 consilium3
1091 1297 1169 1355 bene

177 1395 258 1453 enim
281 1393 429 1453 intellexit
449 1412 572 1452 omnem
592 1411 679 1469 spem
703 1393 809 1453 salutis
825 1393 857 1452 in
872 1394 943 1453 dolo
965 1394 1062 1472 magis
1078 1414 1169 1471 quam

178 1491 207 1549 in
235 1492 346 1551 virtute
372 1501 454 1569 poni.
501 1497 636 1553 Primum
664 1503 726 1554 tres
753 1503 830 1571 quis
855 1494 932 1553 vidit
956 1492 1177 1570 pinguissimis

178 1611 216 1651 ex
241 1591 352 1651 ovibus
382 1593 511 1670 delegit:
543 1595 655 1670 quibus
686 1595 765 1654 inter
788 1602 821 1654 se
844 1594 1010 1653 viminibus
1041 1600 1176 1664 conexis

182 1703 275 1752 tinum
299 1692 452 1752 sociorum
475 1692 633 1751 ventribus
657 1702 762 1752 eitum
782 1694 825 1752 ita
845 1695 984 1768 subiecit,
1003 1706 1036 1756 ut
1049 1705 1175 1756 omnino

182 1793 307 1852 lateret:
340 1791 453 1851 deinde
468 1799 542 1851 oves
558 1792 714 1851 hominem
730 1800 834 1852 secum
849 1795 984 1853 ferentes
1001 1797 1040 1855 ad
1055 1806 1174 1872 portam

182 1892 253 1970 egit.
299 1892 337 1951 Id
353 1891 466 1951 accidit
481 1892 565 1969 quod
579 1892 645 1951 fore
661 1892 834 1969 suspicatus
850 1905 923 1952 erat.
970 1895 1175 1973 Polyphemus

182 1992 274 2065 enim,
290 2001 454 2069 postquam
474 2001 584 2050 manus
599 2001 693 2069 tergis
709 2001 813 2052 eorum
833 1993 986 2069 imposuit,
1003 2002 1076 2054 oves
1092 2015 1176 2072 prae-

182 2101 273 2152 terire
295 2111 405 2169 passus
427 2102 483 2152 est.
529 2092 646 2165 Ulixes,
664 2092 716 2151 ubi
740 2112 802 2152 rem
825 2093 868 2153 ita
887 2094 1017 2154 feliciter
1035 2096 1175 2156 evenisse

182 2192 268 2265 vidit,
283 2199 390 2252 omnes
413 2199 485 2251 suos
508 2192 610 2252 socios
630 2211 668 2251 ex
687 2192 794 2252 ordine
812 2193 921 2253 eodem
943 2195 1035 2255 modo
1057 2195 1174 2269 emisit3

184 2300 245 2369 quo
259 2292 352 2365 facto,
369 2292 435 2368 ipse
452 2291 575 2351 ultimus
591 2292 698 2351 evasit.

504 2521 568 2593 148.
607 2525 665 2580 out
684 2525 714 2580 of
733 2525 857 2596 Danger.

226 2670 286 2727 His
312 2668 403 2727 rebus
432 2667 475 2726 ita
500 2669 658 2741 confectis
687 2669 796 2728 Ulixes
825 2689 894 2729 cum
923 2671 1016 2730 sociis
1045 2673 1176 2731 maixime

183 2768 296 2828 veritus
313 2775 350 2827 ne
373 2768 580 2846 Polyphemus
594 2768 735 2828 fraudem
756 2779 890 2843 sentiret,
908 2791 1000 2846 quam
1020 2772 1176 2831 celerrime

183 2870 223 2928 ad
246 2869 318 2928 litus
343 2868 523 2928 contendit:
555 2877 617 2945 quo
640 2888 711 2927 cum
734 2869 899 2941 venissent,
917 2872 956 2929 ab
977 2871 1014 2931 iis
1036 2880 1089 2948 qui
1105 2882 1178 2931 nivi

182 2968 337 3044 praesidio
361 2970 459 3028 relicti
482 2978 577 3042 erant,
595 2977 707 3046 magnei
727 2988 796 3028 cum
820 2970 937 3030 laetitio
958 2980 1076 3048 accepti
1094 2982 1175 3031 sunt.

185 3066 335 3142 Hierum,
354 3087 423 3127 cum
439 3068 549 3128 animis
565 3069 662 3128 anxiis
684 3069 744 3127 iam
760 3077 822 3128 tres
838 3070 905 3129 dies
925 3071 1056 3130 reditum
1071 3079 1177 3131 eorum

183 3166 214 3225 in
231 3167 322 3227 horris
335 3168 607 3244 exspectavissent,
621 3177 675 3228 eos
691 3169 723 3226 in
737 3170 904 3245 periculum
916 3190 1008 3248 grave
1020 3171 1176 3245 incidisse,

183 3266 215 3326 id
231 3267 313 3342 quod
329 3277 402 3340 erat,
420 3268 576 3344 suspicati,
593 3268 652 3344 ipsi
673 3268 839 3328 auxiliandi
855 3280 948 3330 causo
968 3273 1072 3348 egredi
1092 3281 1179 3348 parri-

183 3367 267 3425 bant.
311 3367 390 3423 Tum
407 3367 516 3426 Ulixes
538 3375 600 3427 non
624 3368 700 3427 satis
722 3378 819 3427 tritum
835 3389 903 3429 esse
919 3371 1083 3430 arbitratus
1099 3378 1125 3430 si
1146 3372 1178 3430 in

184 3471 221 3524 eo
251 3465 321 3524 loco
345 3473 490 3537 maneret,
522 3486 613 3543 quam
637 3468 795 3527 celerrime
824 3471 977 3544 proficisci
1006 3471 1176 3532 constituit.

186 3563 281 3622 Iussit
296 3563 387 3640 igitur
396 3571 504 3622 omnes
518 3574 628 3623 novem
641 3569 849 3626 conscendere
865 3579 896 3629 et
911 3580 1031 3630 ancoris
1046 3572 1179 3633 sublatis
