2684 3942
582 333 628 381 UL
636 334 749 383 YSSES.
1116 337 1162 389 115

169 507 240 558 runt
255 508 284 557 et
300 506 333 558 se
349 499 391 558 ibi
407 500 506 558 celare
522 501 721 560 conabantur.
753 503 973 582 -Polyphemus
989 514 1100 577 autem,
1120 505 1164 564 ita

169 598 251 656 enim
265 597 353 675 gigas
369 599 542 676 appellatus
557 610 612 674 est,
630 620 743 677 pecora
764 622 819 661 sua
835 603 865 660 in
887 604 1066 679 speluncam
1082 605 1160 682 egit3

168 707 232 757 tum
259 718 328 757 cum
357 706 431 758 saxa
461 699 578 776 ingenti
605 710 726 778 portam
755 703 967 777 obstruxisset,
999 713 1101 781 ignem
1130 705 1162 762 in

168 798 270 857 medio
286 807 374 858 antra
390 800 540 858 accendit.
587 792 658 859 Hac
674 803 766 874 facte,
780 803 871 861 ocule
883 804 987 862 omnia
1001 804 1161 880 perlustra-

167 898 221 958 bat
245 907 276 958 et
301 918 369 966 cum
397 899 545 959 sensisset
573 900 714 960 homines
740 902 771 959 in
802 902 946 962 interiere
971 914 1057 980 parte
1083 914 1162 963 antri

168 998 267 1071 celari,
292 1007 403 1076 magna
426 1007 501 1059 vace
532 1000 724 1060 exclamavit.
780 1002 867 1075 “Qui
895 1003 970 1061 estis
999 1004 1161 1063 homines?

170 1100 359 1158 Mereateres
386 1118 425 1157 an
451 1101 636 1160 latrenes?''
692 1102 773 1159 Tum
802 1101 912 1161 Ulixes
940 1104 1099 1178 respondit
1128 1111 1161 1162 se

168 1218 268 1276 neque
291 1206 476 1258 mercateres
498 1219 566 1259 esse
589 1219 691 1278 neque
713 1201 883 1278 praedandi
906 1211 998 1261 causa
1019 1203 1160 1262 venisse:

168 1300 224 1358 sed
246 1307 263 1359 e
279 1299 373 1358 Traia
396 1301 561 1359 redeuntes
586 1310 616 1359 vi
637 1310 856 1378 tempestatum
871 1310 890 1361 a
905 1310 989 1361 recte
1005 1313 1095 1362 cursu
1112 1304 1162 1362 de.-

167 1401 274 1476 pulses
286 1419 372 1460 esse:
396 1401 495 1460 aravit
510 1402 602 1461 etiam
618 1401 726 1481 utlsibi
742 1402 808 1460 sine
824 1401 933 1461 iniuria
946 1403 1029 1462 abire
1045 1403 1159 1462 liceret.

168 1501 248 1558 Tum
272 1485 480 1579 Polyphemus
508 1502 659 1577 quaesivit
689 1501 742 1560 uhi
771 1511 855 1561 esset
884 1502 971 1561 navis
995 1512 1056 1578 qua
1081 1510 1161 1562 vecti

168 1610 294 1672 essent;
318 1601 426 1660 Ulixes
442 1611 553 1672 autem,
570 1621 639 1660 cum
654 1603 734 1660 bene
750 1602 941 1679 intellegeret
956 1602 1014 1660 sibi
1030 1602 1160 1662 maxime

167 1701 413 1776 praecavendum
443 1719 520 1772 esse,
547 1701 706 1776 respondit
744 1710 854 1761 navem
889 1721 975 1761 suam
1009 1702 1041 1761 in
1069 1709 1160 1778 rupes

167 1800 337 1873 caniectam
350 1810 381 1859 et
392 1809 517 1860 omnine
530 1802 714 1876 perfractam
726 1820 803 1861 esse.
842 1801 1046 1881 Polyphemus
1058 1811 1160 1860 autem

167 1900 251 1960 nullo
267 1901 340 1960 date
362 1908 511 1977 response
526 1902 587 1959 duo
603 1908 620 1960 e
636 1901 729 1960 sociis
752 1911 844 1960 mana
859 1901 1005 1978 corripuit
1025 1910 1056 1961 et
1070 1920 1161 1962 mem-

167 2000 230 2059 bris
246 2007 351 2060 earum
366 2001 493 2060 divolsis
509 2019 632 2060 carnem
649 1990 796 2061 devorare
812 2001 923 2078 coepit.

450 2264 514 2322 143.
553 2249 596 2305 No
615 2250 696 2322 Wuy
713 2248 744 2304 ot
762 2249 881 2319 Escape.

209 2412 291 2469 Dum
313 2412 390 2470 haec
411 2420 565 2487 geruntur,
583 2411 773 2469 Graecarum
796 2409 915 2468 animes
937 2418 1042 2469 tantus
1063 2419 1160 2469 terror

166 2511 338 2588 occupavit,
356 2521 389 2570 ut
412 2518 450 2570 ne
465 2518 573 2569 vacem
589 2509 713 2586 quidem
736 2509 826 2569 edere
848 2518 975 2586 possent
998 2509 1053 2568 sed
1075 2519 1160 2567 omni

166 2619 222 2688 spe
248 2612 355 2670 salutis
384 2610 524 2686 deposita
553 2618 682 2668 mortem
710 2619 904 2685 praesentem
933 2618 1157 2685 exspectarent.

166 2713 209 2770 At
232 2710 445 2789 PolyphemuS,
462 2719 624 2787 postquam
649 2709 747 2768 fames
766 2710 824 2768 hac
846 2719 909 2768 tam
927 2709 1064 2767 horribili
1082 2716 1159 2767 cena

167 2811 295 2887 depulsa
310 2820 366 2883 est,
383 2810 467 2869 humi
482 2817 653 2886 prestratus
669 2816 778 2869 somna
794 2816 826 2868 se
842 2809 936 2868 dedit.
982 2809 1074 2882 Quod
1089 2828 1158 2867 cum

166 2910 295 2970 vidisset
318 2910 436 2983 Ulixes
463 2919 581 2968 tantam
608 2909 805 2968 occasienem
828 2918 873 2968 rei
900 2910 981 2968 bene
1004 2909 1158 2986 gerendae

166 3018 228 3069 nen
244 3010 445 3070 omittendam
468 3009 639 3082 arbitratus,
657 3009 689 3067 in
706 3017 743 3069 ee
758 3019 823 3068 erat
843 3019 889 3085 ut,
900 3018 1008 3085 pectus
1031 3016 1158 3067 monstri

164 3111 268 3187 gladie
290 3111 494 3187 transfigeret.
541 3112 619 3169 Cum
642 3119 746 3168 tamen
768 3109 844 3167 nihil
866 3116 981 3168 temere
1004 3109 1158 3185 agendum

166 3209 363 3282 existimaret,
388 3209 548 3269 canstituit
570 3210 737 3287 explerare,
761 3219 928 3285 antequam
950 3210 1009 3268 hec
1031 3209 1156 3279 faceret,

165 3318 226 3385 qua
248 3309 366 3368 tatiane
388 3328 426 3368 ex
448 3317 536 3369 antra
560 3310 690 3369 evadere
712 3318 849 3385 possenti
895 3311 936 3368 At
959 3328 1029 3368 cum
1052 3327 1158 3367 saxum

165 3409 441 3481 animadvertisset,
458 3417 520 3485 que
543 3409 688 3468 introitus
711 3411 886 3468 obstructus
909 3418 982 3481 erat,
999 3408 1075 3465 nihil
1099 3406 1158 3466 sibi

164 3510 355 3586 prefutiirum
403 3510 560 3580 intellexit,
606 3517 632 3568 si
677 3510 898 3587 Polyphemum
941 3506 1156 3567 interfecisset.

164 3611 265 3678 Tanta
289 3609 370 3673 enim
396 3619 461 3675 erat
486 3610 552 3676 eius
578 3619 644 3670 saxi
669 3609 859 3688 magnitude,
883 3618 916 3667 ut
942 3614 1023 3668 nea
1049 3607 1157 3666 decem
