2684 3942
556 272 795 326 ANECDOTES.

515 504 562 563 59.
603 493 630 548 Α
650 493 834 583 scapo-Gom.

218 618 334 695 Volpes
359 618 476 691 sitiens
504 638 582 694 quae
609 619 775 678 desiluerat
804 620 836 677 in
866 630 992 696 puteum
1018 620 1101 678 haud
1130 620 1173 679 ita

176 718 271 777 altum
287 719 344 777 sed
358 718 505 778 lateribus
520 729 693 796 praeruptis
707 729 871 796 postquam
886 739 1008 778 omnem
1023 720 1172 779 ratianem

175 819 267 896 fugae
289 820 402 878 frastra
424 828 604 891 tentaverat,
624 820 663 878 ab
686 829 770 878 omni
792 827 847 896 spe
869 820 985 878 reditus
1008 820 1173 879 interclasa

175 928 231 978 est.
277 920 358 978 Mox
368 927 473 978 tamen
488 938 588 995 caper,
606 928 659 996 qui
678 939 790 996 aquam
810 920 945 997 petebat,
962 920 1046 996 quod
1062 919 1173 979 fervidi

176 1020 250 1078 salis
273 1019 352 1078 radii
377 1027 468 1097 agras
494 1020 631 1091 urebant,
660 1019 700 1078 ad
726 1021 860 1079 eundem
886 1029 1011 1096 puteum
1037 1019 1170 1078 advenit.

178 1126 195 1153 “
206 1120 327 1192 Salva‚”
344 1119 452 1195 inquit,
472 1127 488 1153 “
499 1118 687 1192 dulcissima,
704 1127 807 1179 nanne
827 1139 908 1196 aqua
922 1119 983 1178 ista
996 1118 1109 1196 frigida
1124 1130 1173 1178 cst

176 1229 206 1278 et
221 1219 376 1278 iucunda?
388 1220 405 1245 ”
444 1222 515 1278 “At
530 1238 698 1296 numquam
714 1208 925 1278 iucunditatem
937 1218 1032 1291 bibi‚”
1049 1237 1172 1295 respon-

175 1319 221 1378 dit
240 1320 355 1395 volpas,
375 1326 393 1353 “
403 1319 493 1378 desili
515 1319 607 1395 igitur
629 1337 722 1395 quam
744 1318 910 1392 celerrima,
927 1338 984 1396 ego
1007 1319 1089 1378 enim
1111 1319 1172 1376 iam

175 1419 228 1479 diu
249 1427 344 1496 parca
368 1438 476 1496 aquae,
500 1419 584 1496 quod
608 1426 638 1478 ta
662 1421 840 1495 exspect6.'’
887 1421 959 1478 Hac
983 1419 1035 1477 ubi
1056 1418 1172 1477 audivit

175 1518 302 1577 stultum
326 1518 447 1590 animal,
471 1520 503 1576 in
526 1529 653 1595 puteum
680 1518 812 1578 dasiluit.
862 1521 904 1577 At
929 1518 1035 1594 volpes
1061 1518 1172 1577 callida

175 1618 206 1675 in
229 1637 344 1678 cornua
365 1627 455 1677 amici
477 1618 627 1696 prasiluit,
644 1627 774 1696 quarum
796 1627 889 1696 opera
911 1625 980 1678 sesa
1002 1619 1043 1677 ad
1060 1627 1172 1677 terram

175 1718 354 1777 sublevavit.
394 1719 472 1778 Inde
485 1719 587 1778 miseri
604 1728 695 1778 amici
710 1719 870 1778 immemor
881 1720 1005 1778 domum
1018 1717 1171 1778 discessit.

274 1834 383 1900 sitiens,
397 1835 430 1883 cf.
442 1837 505 1893 sitis,
521 1849 558 1899 54,
574 1848 611 1883 12.
766 1836 879 1900 reditus,
895 1848 933 1900 52,
946 1848 969 1898 7.

274 1918 430 1983 dasiluerat,
446 1931 483 1982 13,
497 1931 519 1981 9.
765 1920 889 1984 arabant,
905 1931 942 1983 54,
958 1932 995 1967 12.

274 2001 439 2067 praeruptis,
454 2001 493 2059 26,
509 2015 529 2048 1.
765 2002 875 2067 callida,
890 2000 928 2066 58,
941 2014 964 2064 7.
1004 2052 1009 2062 ,

532 2182 581 2238 60.
621 2183 816 2254 Ingratitude.

217 2325 310 2401 Apud
336 2333 480 2402 antiquas
506 2333 672 2402 scriptaras
696 2326 792 2385 multa
817 2325 947 2403 legimus
973 2325 1012 2384 de
1038 2325 1172 2402 quadam

174 2425 286 2501 equite,
311 2435 363 2503 qui
389 2425 565 2502 Philippum
593 2425 646 2506 (de
673 2434 735 2503 qua
762 2435 854 2503 supra
879 2425 1170 2505 demonstravimus)

176 2525 411 2584 mansuetudine
442 2526 656 2602 exsuperabat.
711 2528 794 2584 Huic
824 2526 914 2598 enim,
946 2526 1019 2584 dum
1049 2525 1172 2584 saucius

174 2624 259 2682 humi
274 2625 364 2697 iacet,
382 2644 493 2701 aquam
509 2626 605 2685 multa
622 2626 727 2685 labrire
744 2634 959 2702 apportaverat
975 2634 1101 2684 amicus.
1140 2627 1172 2684 Is

175 2737 277 2786 autem
303 2737 416 2805 insigni
440 2728 628 2788 abstinentia
658 2748 769 2805 aquam
799 2738 851 2787 tini
880 2747 918 2787 ex
946 2728 1097 2801 hostibus
1121 2737 1173 2804 qui

175 2828 258 2886 iiurta
273 2827 403 2900 iacebat
417 2828 567 2906 integram
582 2829 733 2905 praebuit.
771 2831 813 2887 At
828 2828 962 2905 perfidus
979 2827 1085 2901 hostis,
1100 2828 1172 2886 dum

175 2928 290 2987 danum
313 2927 433 3004 accipit,
458 2929 555 2988 cultra
578 2948 703 2987 manum
729 2947 807 3005 quae
833 2929 976 3005 paculum
998 2927 1173 3005 porrigebat
1208 2956 1210 2959 ·

174 3027 353 3086 volneravit.
398 3029 477 3086 Tum
500 3047 595 3105 eques
618 3029 739 3106 ingrata
761 3029 817 3086 viri
839 3028 942 3087 anima
965 3036 1068 3099 iratus,
1092 3037 1172 3104 post-

175 3147 267 3205 quam
289 3147 359 3186 eum
381 3128 502 3187 modica
525 3129 710 3205 culpaverat,
731 3137 849 3206 partem
874 3147 972 3205 aquae
996 3127 1063 3203 ipse
1085 3127 1169 3201 bibit,

174 3235 293 3304 partem
315 3237 419 3287 tamen
442 3229 524 3287 hosti
546 3228 655 3288 iterum
679 3229 773 3287 dedit.

274 3344 491 3409 mansuetadine,
507 3358 544 3409 54,
559 3359 580 3409 3.
766 3345 911 3409 integram,
925 3350 1009 3393 taram.

274 3427 391 3492 saucius,
404 3428 558 3476 volneratus.
766 3429 862 3492 cultis),
876 3440 915 3488 27,
927 3426 951 3475 8.

273 3510 387 3576 insigni,
400 3512 524 3560 mirabili.
765 3516 846 3580 bibit,
861 3515 899 3578 58,
914 3528 934 3575 7-
