2684 3942
167 346 215 397 110
424 387 426 390 .
546 343 784 393 ARGONAUTS.

166 507 274 558 verunt
289 510 320 558 et
335 500 472 560 membra
487 500 552 559 eius
573 500 604 558 in
620 509 675 558 vis
691 518 821 558 aeneum
838 499 1052 571 coniecerunt3
1086 498 1161 556 nihil

166 599 248 657 enim
272 599 456 659 dubitabant
479 609 550 677 quin
577 601 637 659 hoe
657 599 787 658 maixime
810 607 839 656 ei
860 599 1052 675 profuturum
1068 608 1159 657 esset.

167 702 208 757 At
223 707 271 758 res
287 708 412 759 omnine
429 700 516 758 aliter
531 700 634 758 evenit
650 708 686 758 aie
702 706 917 775 speraverant:
950 699 1063 757 Medea
1079 697 1160 756 enim

166 807 228 858 nen
245 800 368 859 easdem
390 801 502 858 herbas
523 799 610 857 dedit
626 799 738 875 quibus
757 798 824 874 ipsa
844 807 899 856 iisa
919 806 993 856 erat.
1039 800 1158 874 ltaque,

165 909 329 976 postquam
342 899 393 957 diu
408 901 521 958 frustra
537 905 801 975 exspectaverunt,
813 908 931 974 patrem
944 917 1032 956 suum
1045 905 1076 956 re
1089 905 1160 957 vera

165 1010 317 1059 mortuum
341 1018 410 1058 esse
440 999 662 1058 intellexerunt.
710 1000 770 1055 His
796 999 888 1056 rebus
914 1008 1019 1074 gestiS,
1047 997 1160 1056 Medea

165 1101 310 1175 sperabat
332 1107 365 1158 se
388 1119 456 1158 cum
479 1099 608 1175 coniuge
630 1105 688 1157 sue
705 1105 831 1174 regnum
854 1107 1047 1173 accepturam
1071 1116 1157 1156 esse:

75 1228 79 1237 ³
165 1210 197 1259 at
222 1207 312 1271 cives,
339 1219 407 1257 cum
434 1199 646 1276 intellegerent
672 1206 734 1274 quo
760 1198 853 1257 mode
881 1197 981 1256 Pelias
1006 1197 1156 1273 periisset,

165 1309 283 1358 tantum
308 1299 409 1358 scelus
433 1306 522 1375 aegre
540 1299 693 1356 tulerunt:
716 1298 819 1373 itaque
836 1299 949 1359 iasone
966 1305 997 1356 et
1014 1296 1157 1355 Medeae

165 1407 259 1477 regne
274 1381 418 1476 expulsis
437 1401 585 1457 Acastum
601 1405 704 1475 regem
720 1405 908 1456 creaverunt.

502 1612 565 1686 136.
605 1613 632 1668 A
651 1613 734 1668 Fatul
753 1612 826 1668 Gift.

208 1761 282 1818 Post
293 1758 370 1818 haec
386 1756 480 1817 laseri
493 1766 523 1816 et
540 1758 652 1816 Medea
663 1763 681 1815 e
693 1756 856 1815 Thessaliai
868 1755 987 1833 expulsi
999 1756 1039 1815 ad
1051 1756 1156 1815 urbem

166 1858 347 1920 Corinthum
370 1866 527 1930 venerunt,
545 1858 630 1916 cuius
653 1857 738 1916 urbis
760 1858 861 1916 Creon
884 1856 1008 1932 quidam
1031 1862 1156 1932 regnum

164 1968 229 2017 tum
255 1958 425 2017 obtinebat.
471 1960 544 2016 Erat
569 1966 671 2015 autem
697 1959 824 2017 Creonti
849 1955 915 2013 filia
941 1965 1009 2028 ima,
1032 1955 1156 2014 nomine

165 2059 301 2131 Glauce;
333 2076 424 2134 quam
448 2076 517 2116 eum
540 2057 678 2130 vidisset,
707 2059 799 2115 Iason
826 2055 986 2115 constituit
1013 2055 1156 2113 Medeam

164 2166 290 2217 uxorem
312 2177 399 2217 suam
421 2157 583 2233 repudiare
599 2164 636 2216 ee
652 2156 782 2216 censilie
798 2165 831 2213 ut
846 2156 985 2214 Glaucen
1008 2154 1039 2212 in
1057 2153 1157 2212 metri·

148 2258 300 2321 menium
317 2258 451 2317 duceret.
496 2260 538 2316 At
562 2257 683 2329 Medea,
700 2256 753 2314 ubi
776 2255 927 2314 intellexit
950 2273 1029 2331 quae
1052 2253 1102 2312 ille
1125 2254 1156 2311 in

165 2359 267 2417 anime
293 2357 428 2429 haberet,
452 2366 495 2415 ira
521 2355 653 2433 graviter
677 2363 839 2426 commota,
867 2354 1062 2429 iureiurande
1087 2361 1158 2412 con·

163 2457 298 2517 firmavit
308 2464 341 2516 se
350 2466 467 2516 tantam
480 2455 620 2514 iniuriam
633 2455 773 2514 ultinam.
809 2456 880 2513 Hec
892 2453 984 2529 igitur
995 2453 1157 2512 censilium

165 2559 255 2635 cepit.
300 2560 428 2616 Vestem
450 2555 568 2633 paravit
589 2564 707 2613 summa
729 2563 791 2612 arte
816 2562 990 2613 contextam
1012 2563 1042 2612 et
1066 2553 1157 2611 variis

165 2658 319 2717 coleribus
331 2666 476 2716 tinctam:
497 2657 577 2714 hane
589 2657 655 2714 diro
668 2655 803 2730 quedam
816 2654 921 2712 infecit
933 2652 1158 2726 venene‚ci1ius

165 2768 211 2817 vis
226 2759 297 2817 telis
313 2767 386 2830 erat,
399 2766 440 2829 ut,
455 2763 481 2814 si
497 2755 565 2832 quis
578 2774 645 2813 eam
658 2764 773 2813 vestem
790 2754 950 2826 induisset,
965 2772 1076 2829 corpus
1092 2752 1158 2811 eius

166 2857 254 2935 quasi
270 2868 333 2935 igni
349 2864 491 2916 ureretur.
532 2858 603 2914 Hbc
617 2856 711 2926 facto,
726 2864 843 2913 vestem
857 2854 896 2912 ad
907 2855 1045 2912 Glaucen
1057 2851 1157 2910 misit:

165 2958 217 3016 illa
233 2968 333 3016 autem
353 2957 428 3014 nihil
444 2955 516 3013 mali
531 2955 693 3031 suspicans
709 2954 824 3012 denum
845 2953 977 3011 libenter
989 2950 1108 3028 accepit
1128 2960 1159 3010 et

166 3067 282 3117 vestem
298 3076 417 3129 novam,
432 3063 514 3115 mere
529 3055 722 3126 feminarum,
736 3053 839 3112 statim
855 3052 963 3110 induit.
1110 3047 1113 3050 ’

301 3275 365 3336 137.
405 3264 505 3334 Flight
523 3265 554 3320 of
572 3266 672 3321 Medea
684 3220 747 3319 'and
766 3265 859 3320 Death
878 3263 908 3319 oi
926 3263 1025 3333 Jason.

207 3410 267 3467 Vix
281 3418 399 3467 vestem
423 3409 564 3467 induerat
580 3409 706 3481 Glauce,
724 3428 792 3466 eum
809 3409 946 3467 dolorem
961 3426 1084 3484 gravem
1104 3424 1159 3482 per

166 3509 269 3567 omnia
284 3508 420 3567 membra
435 3508 531 3566 sensit
543 3518 573 3567 et
588 3518 659 3584 post
670 3509 794 3584 paululn
806 3509 872 3567 dire
885 3508 1020 3567 cruciatu
1036 3507 1158 3566 adiecta

166 3615 183 3665 e
208 3616 270 3666 vitai
295 3607 434 3666 excessit.
482 3609 542 3666 His
566 3609 657 3667 rebus
681 3618 787 3686 gestis,
806 3609 919 3669 Medea
940 3609 1042 3668 furere
1067 3617 1159 3685 atquo
