2684 3942
557 315 795 365 ANECDOTES.
1098 316 1103 326 '
1140 317 1173 367 93

177 485 220 541 At
248 484 385 543 Glaucus
414 483 454 542 ad
483 482 648 542 elimorem
677 496 844 540 conversus
874 492 1000 541 nautam
1028 482 1174 561 cognovit

176 582 328 655 claudum,
354 602 445 659 quem
471 600 583 641 caecus
609 582 659 640 ille
686 590 798 640 umeris
824 582 976 657 portabat.
1022 583 1066 639 Hi
1091 582 1172 640 enim

179 683 218 741 de
238 681 375 753 consiliis
399 681 551 739 latronum
575 679 721 739 certiores
743 680 819 738 faeti
842 688 980 756 tempore
1000 686 1174 755 opportimo

179 780 319 841 subsidio
334 787 492 839 venerunt.

246 932 340 994 alteri,
354 935 413 979 ami.
720 928 844 992 alterius,
858 933 942 976 nnius.

245 1015 299 1079 hia,
312 1015 352 1062 ln's
364 1014 444 1062 ribus.
719 1012 873 1077 momordit,
885 1011 955 1060 from
967 1012 1073 1060 mordeo.

405 1242 469 1283 110.
510 1228 571 1284 The
588 1227 699 1285 Attack
716 1242 753 1282 on
772 1230 823 1284 the
840 1228 946 1284 Castle.

207 1355 388 1433 ‘Spartacus
398 1356 479 1429 olim,
491 1365 635 1432 princeps
645 1365 750 1415 earum
762 1356 899 1433 gentium
909 1375 988 1433 quae
998 1352 1083 1416 trans
1094 1358 1173 1415 Rhe

180 1475 254 1514 num
273 1456 463 1529 habitabant,
480 1464 624 1533 mignam
646 1456 752 1514 turrim
774 1457 858 1515 haud
879 1456 985 1533 procul
1008 1465 1026 1515 a
1048 1456 1173 1515 flimine

180 1556 404 1616 aedificiverat.
449 1556 528 1615 Inde
546 1575 615 1615 cum
634 1565 698 1615 suis
717 1556 865 1616 militibus
885 1555 1030 1633 plirimas
1048 1557 1174 1615 incursi-

180 1663 257 1716 ones
272 1656 303 1714 in
319 1663 410 1733 agros
423 1655 573 1715 finitimos
587 1656 692 1715 facere
708 1655 817 1716 solitus
833 1666 888 1729 est,
905 1665 939 1715 ut
954 1665 1017 1733 igni
1030 1655 1173 1733 ferroque

180 1756 284 1816 omnia
298 1764 440 1815 vastaret.
485 1755 587 1830 Quam
602 1756 642 1815 ob
657 1775 721 1815 rem
733 1764 878 1833 magnum
889 1755 994 1815 odium
1006 1756 1173 1815 incolarum

180 1856 264 1915 urbis
278 1855 429 1915 finitimae
445 1863 630 1934 susceperat.
676 1856 721 1913 Hi
740 1855 839 1933 igitur,
857 1875 926 1914 cum
947 1856 1072 1915 iniinias
1092 1856 1173 1916 illius

180 1964 242 2015 non
258 1955 373 2015 dintius
388 1956 518 2016 tolerire
539 1965 676 2033 possent,
693 1955 826 2015 nniversi
847 1956 879 2013 in
901 1964 1003 2016 miros
1026 1955 1172 2033 impetum

179 2057 328 2115 fecerunt.
359 2055 421 2114 Dio
433 2066 463 2115 et
475 2056 586 2123 acriter
597 2064 764 2133 pignatum
777 2065 833 2114 est.
867 2057 1008 2115 Tandem
1019 2065 1171 2134 princeps

180 2157 264 2232 quod
285 2165 458 2215 commeato
481 2163 607 2215 omnino
632 2155 816 2214 interclnsus
838 2166 893 2228 est,
918 2156 1034 2233 legitis
1057 2158 1097 2215 ad
1118 2165 1173 2217 eos

180 2256 218 2315 de
236 2254 391 2315 deditione
415 2254 505 2314 misit.
551 2256 629 2315 Cum
651 2265 755 2314 tamen
772 2263 856 2314 cives
878 2263 947 2314 irati
969 2265 1077 2332 picem
1099 2256 1172 2315 dare

179 2356 294 2415 velient
316 2364 352 2414 ea
374 2355 466 2413 modo
488 2355 679 2428 condicione,
705 2365 739 2413 ut
760 2355 827 2431 ipse
847 2356 887 2413 ad
909 2356 1092 2432 supplicium
1116 2366 1172 2415 tra·

180 2454 309 2526 deretur,
327 2463 428 2532 ignem
449 2464 524 2513 turri
546 2455 709 2514 admovere
731 2454 891 2514 constituit
912 2465 943 2514 et
965 2462 1032 2514 sese
1055 2475 1172 2532 suaque

179 2555 283 2614 omnia
304 2554 449 2614 incendio
471 2562 659 2613 consimere.

305 2801 369 2841 111.
409 2786 471 2842 The
489 2787 598 2842 Attack
615 2800 652 2841 on
671 2789 723 2842 the
740 2786 1046 2843 cattle—continued.

221 2912 313 2987 Quod
330 2912 382 2971 ubi
397 2912 542 2990 cognovit
558 2932 633 2971 uxor
652 2913 800 2989 Spartaci,
817 2913 932 2972 femina
950 2933 1087 2973 summae
1102 2922 1171 2974 con-

178 3012 319 3085 stantiae,
343 3013 409 3072 sola
430 3012 543 3072 vallum
566 3013 735 3072 ascendere
761 3031 836 3071 ausa
862 3023 909 3073 est
934 3032 1003 3071 cum
1029 3013 1171 3074 hostibus

178 3112 385 3189 conloquendi
407 3121 509 3172 causi.
556 3112 719 3185 “Nolis’'
740 3112 849 3189 inquit,
872 3119 992 3186 “cives
1013 3114 1171 3174 victoriam

178 3231 270 3289 quam
285 3212 496 3288 reportavistis
511 3211 598 3271 clade
613 3212 748 3271 feminae
764 3212 926 3272 deiimire.
969 3213 1048 3271 Mihi
1063 3214 1171 3273 saltem

177 3310 268 3371 liceat
284 3319 300 3370 ἐ
316 3321 390 3371 turri
410 3312 569 3372 discedere
589 3331 659 3370 eum
679 3320 717 3371 eo
737 3312 837 3384 m0d0‚
855 3314 939 3389 quod
961 3323 1037 3372 meis
1059 3323 1171 3372 umeris

177 3421 299 3488 portare
314 3411 460 3487 possim.’'
498 3411 576 3470 Inde
592 3418 684 3483 cives
698 3413 780 3488 quod
797 3412 836 3470 ab
848 3411 899 3471 illa
910 3413 1006 3471 multa
1020 3411 1171 3470 beneficia

177 3518 368 3590 acceperant,
388 3510 421 3571 id
440 3511 524 3591 quod
546 3511 635 3590 petiit
656 3510 788 3573 libenter
810 3518 1037 3572 concessorum.
1082 3513 1171 3573 Brevi
