2684 3942
172 305 205 355 32
549 308 801 356 COMPARISON.

173 492 243 533 cum
257 473 368 534 virtute
384 473 601 534 sustinuerant.
645 474 796 548 Tandem,
813 474 865 533 ubi
881 473 956 533 nihil
971 474 1034 533 cibi
1048 493 1169 551 supere-

173 585 228 646 rat,
244 574 408 650 miserique
424 581 506 633 cives
522 581 623 633 mures
638 584 669 634 et
684 575 780 650 pelles
795 575 938 646 edebant,
956 593 1025 633 cum
1041 581 1112 652 rege
1130 575 1168 633 de

174 672 329 733 deditione
346 674 487 751 agebant.
529 677 571 733 At
586 681 646 745 rex,
657 670 784 751 ‘propter
799 683 916 733 tantam
931 674 1064 733 hostium
1079 675 1169 751 perti·

174 773 293 832 niciam
309 782 412 844 iratus,
430 782 538 833 saevas
554 774 752 833 condiciones
775 774 861 850 pacis
881 774 1010 850 imponit
1031 784 1169 834 mortem-

174 893 234 950 que
250 873 412 933 duodecim
427 875 600 951 principum
616 875 758 950 postulat.
804 874 876 934 Sine
900 883 985 934 mora
1006 874 1169 934 duodecim
1225 916 1232 926 .

173 974 230 1032 viri
246 981 278 1032 se
294 982 350 1050 pro
366 975 464 1050 patria
480 975 641 1034 devovent.
687 974 765 1034 Inde
781 975 908 1034 comites
923 983 1032 1035 maesti
1043 974 1169 1034 funibus

109 1067 111 1071 ’
173 1073 252 1131 colla
267 1081 433 1132 amicorum
448 1074 587 1133 vinciunt
602 1082 717 1151 eosque
734 1075 773 1133 ad
788 1082 890 1152 regem
907 1075 1030 1133 ducunt.

173 1278 178 1284 ,
240 1223 352 1289 incolae,
363 1223 386 1280 6,
400 1238 421 1271 2.
763 1224 896 1288 postulat,
912 1237 949 1288 15,
965 1237 985 1288 5.

239 1306 296 1369 ubi,
310 1320 349 1364 22,
364 1319 385 1371 5.
764 1305 886 1372 funibus,
901 1319 939 1368 27,
956 1321 975 1354 1.

239 1391 367 1455 agebant,
383 1403 420 1454 13,
436 1403 473 1438 12.
764 1390 899 1456 vinciunt,
915 1403 952 1455 15,
965 1404 988 1451 7.

361 1632 408 1693 35.
444 1621 505 1676 The
524 1621 609 1692 Siege
628 1622 658 1677 of
677 1622 982 1678 Calais--continunl¹

217 1766 285 1823 Rex
300 1764 379 1824 inter
394 1764 513 1824 nobiles
528 1764 561 1823 in
575 1765 729 1842 praetorio
742 1765 878 1824 sedebat.
911 1767 1038 1841 Iamque
1053 1774 1170 1824 maesta

174 1864 264 1922 turba
285 1864 397 1923 civium
419 1873 558 1941 captivos
581 1866 620 1924 ad
642 1866 743 1924 locum
765 1864 850 1924 ducit
878 1872 1046 1941 omnesque
1068 1865 1170 1923 multis

175 1984 244 2023 cum
266 1964 408 2040 precibus
431 1966 470 2023 ad
496 1966 591 2042 pedes
614 1966 738 2025 victoris
764 1965 887 2024 cadunt.
932 1968 974 2025 At
999 1972 1052 2023 rex
1077 1965 1170 2024 durus

175 2071 282 2140 preces
309 2072 414 2123 eorum
440 2066 557 2140 spernit
581 2066 752 2142 avertitque
777 2065 901 2124 voltum.
947 2066 1038 2125 Forte
1065 2072 1171 2142 regina

175 2182 239 2222 rem
261 2164 440 2240 cognoscit3
472 2165 574 2223 statim
597 2165 636 2223 ad
658 2165 843 2241 praetorium
869 2174 1012 2241 properat
1037 2173 1170 2241 suasque

175 2263 315 2322 lacrimas
341 2283 410 2323 curn
436 2265 579 2340 precibus
605 2265 718 2324 civium
747 2264 854 2342 iungit.
901 2267 979 2324 “Da
1008 2264 1090 2337 mihi,
1117 2272 1170 2324 rex

175 2352 316 2439 magne,'’
333 2363 440 2440 inquit,
456 2372 562 2423 “vitas
577 2366 688 2424 horum
701 2365 827 2424 fortium
842 2365 976 2423 virorum
990 2388 996 2437 ;
1021 2372 1124 2423 nonne
1138 2364 1170 2423 hi

175 2470 256 2521 recte
279 2482 366 2522 suam
387 2465 516 2540 patriam
538 2464 768 2524 defenderunt?
783 2466 799 2491 '’
846 2467 914 2523 Rex
939 2472 1038 2542 primo
1064 2471 1170 2540 preces

176 2569 238 2622 non
254 2563 347 2636 audit,
364 2565 489 2624 tandem
504 2564 647 2624 lacrimae
666 2565 769 2625 uxoris
790 2574 865 2623 iram
883 2564 1010 2624 vincunt
1029 2582 1170 2641 poenam·

176 2682 235 2740 que
251 2673 381 2740 captivis
397 2665 531 2724 remittit.

242 2799 357 2862 maesta,
371 2813 430 2860 opp.
443 2800 516 2856 laeta,
531 2811 569 2861 27,
585 2812 622 2848 10.
764 2797 951 2863 defendemnt,
966 2811 1005 2860 27,
1017 2812 1040 2858 4.

242 2880 374 2946 precibus,
388 2894 427 2944 33,
443 2894 463 2928 1.
765 2895 889 2957 poenam,
903 2896 926 2946 9,
939 2894 962 2943 7.

481 3095 483 3098 ’
533 3099 809 3149 COMPARISON.

147 3229 149 3234 ’
221 3234 277 3294 22.
309 3236 355 3318 (Ι)
381 3233 492 3297 When
508 3244 574 3298 two
595 3236 711 3318 things
735 3256 791 3299 are
817 3236 993 3318 compared
1017 3236 1099 3321 they
1115 3254 1171 3298 are

176 3351 235 3422 put
254 3341 324 3404 into
341 3342 400 3405 the
418 3363 509 3405 same
526 3364 603 3407 case
619 3346 686 3407 and
703 3345 845 3427 coupled
861 3345 906 3429 by
922 3368 1031 3428 quam.

250 3514 318 3568 amo
331 3515 363 3569 to?
375 3519 470 3582 magle
483 3531 571 3583 quam
584 3532 658 3578 eum¹
672 3518 695 3570 I
704 3516 766 3570 love
776 3535 837 3588 you
851 3533 929 3571 more
942 3518 1013 3573 than
1025 3518 1096 3575 lezin.
