2684 3942
565 307 803 356 ANECDOTES.

501 603 548 660 24.
589 591 673 647 curel
692 590 853 648 Metiri.

224 748 413 824 Fredericus‚
430 770 505 828 puer
520 751 659 824 crudelis,
678 758 741 811 non
760 751 874 810 amavit
895 750 1058 821 animalia3
1082 769 1175 827 saepe

181 850 346 910 divellebat
360 850 426 909 alas
443 859 616 910 muscarum
639 859 670 910 et
692 869 820 927 corpora
841 851 1036 909 formicarum
1059 850 1176 909 acubus

180 950 391 1028 transfigebat
433 950 610 1026 Aliquando
622 950 754 1010 vexabat
765 950 942 1023 Traianum,
956 969 1045 1009 suum
1057 969 1174 1023 canem,

181 1059 263 1110 saxis
278 1059 309 1110 et
323 1050 509 1111 verberibus.
557 1052 655 1127 Saepe
671 1059 758 1127 pater
771 1052 796 1109 F
797 1050 966 1110 redericum
982 1050 1025 1109 ita
1039 1049 1175 1109 monuit:

182 1146 294 1204 “Cave
316 1163 433 1216 canem,
458 1151 560 1204 nonne
583 1144 693 1203 dentes
716 1144 810 1203 habet
834 1144 990 1203 actitos?'’
1035 1146 1078 1202 At
1100 1162 1176 1220 puer

181 1244 275 1304 verba
289 1244 384 1321 patris
400 1244 535 1322 neglegit
546 1252 577 1303 et
587 1253 679 1303 mam'r
692 1244 821 1303 caudam
833 1243 935 1303 miseri
947 1243 1033 1302 canis
1044 1252 1174 1320 torquet.

182 1344 244 1403 Dio
272 1344 425 1403 Traianus
454 1363 518 1404 rem
547 1344 700 1421 patienter
733 1344 849 1404 tolerat.
908 1341 1048 1403 Tandem
1081 1351 1176 1403 iratus

180 1444 300 1503 mordet
321 1444 459 1504 dextram
479 1452 574 1520 pueri,
620 1444 802 1504 Fredericus
825 1443 927 1502 multis
951 1462 1020 1502 cum
1043 1442 1176 1502 lacrimis

181 1553 297 1620 patrem
313 1544 398 1620 petit.
445 1550 462 1577 ‘⁴
473 1546 535 1604 Ci'rr
550 1543 705 1616 tandem‚''
721 1542 822 1620 inquit
840 1551 935 1619 pater,
955 1549 1083 1602 “meum
1106 1549 1176 1602 con-

181 1644 281 1702 silium
297 1644 484 1722 neglegebas
494 1645 505 1703 ?
516 1644 534 1671 ''

213 1793 379 1859 verberibus,
390 1792 423 1841 cf.
433 1794 552 1852 verberat,
565 1792 603 1851 16,
615 1807 652 1843 10.
737 1794 834 1858 stitus,
847 1791 881 1842 cf.
893 1797 944 1850 ira,
957 1805 980 1851 2,
995 1804 1016 1858 5.

212 1877 321 1941 tolerat,
336 1875 374 1935 16,
389 1890 426 1925 11.
737 1875 818 1941 petit,
834 1890 870 1940 13,
884 1889 907 1938 7.

213 1961 336 2025 tandem,
350 1973 389 2018 20,
402 1960 426 2009 6.
737 1959 837 2026 inquit,
853 1973 890 2018 11,
903 1973 926 2022 7.

479 2203 526 2264 25.
565 2190 673 2248 Follow
691 2192 742 2248 the
761 2190 874 2248 Iaeaden

223 2346 339 2417 Pastor,
364 2344 488 2405 nomine
512 2345 693 2423 Panurgius‚
717 2345 828 2404 multas
856 2351 930 2404 oves
955 2344 1112 2416 habebat3
1144 2353 1177 2404 at

180 2445 267 2506 dives
294 2455 414 2505 vicinus
438 2445 546 2522 viginti
572 2466 609 2505 ex
635 2453 762 2504 numero
788 2444 940 2504 subducit.
1000 2447 1107 2504 Pastor
1136 2444 1176 2502 ad

180 2546 312 2606 indicem
341 2555 485 2622 properat
517 2546 677 2622 fsrremque
712 2555 844 2605 acci'isat.
904 2543 965 2604 Sed
999 2544 1099 2617 index,
1130 2543 1176 2603 vir

180 2647 368 2717 inhonestus,
382 2665 455 2723 prae
467 2646 575 2707 timore
591 2646 694 2705 divitis
706 2646 762 2704 viri
777 2652 885 2722 preces
900 2644 1032 2722 pastoris
1048 2644 1174 2721 spernit.

181 2748 260 2805 Tum
289 2756 393 2824 pastor
421 2746 576 2806 humiliter
604 2745 725 2805 accedit
753 2745 793 2804 ad
820 2746 942 2805 frtrem:
1003 2744 1174 2816 “Retine‚'’

179 2846 287 2922 inquit,
306 2854 414 2919 “oves
438 2846 478 2905 da
507 2845 582 2904 mihi
611 2855 714 2905 tamen
743 2845 877 2918 arietem,
904 2845 1013 2905 ducem
1042 2843 1175 2922 gregis.'’

181 2948 241 3005 Fr'rr
265 2947 406 3005 incautus
430 2946 555 3006 arietem
579 2946 640 3005 dat.
687 2947 753 3004 Iam
776 2954 881 3022 pastor
904 2944 983 3004 tollit
1006 2944 1117 3002 animal
1143 2943 1176 3002 in

180 3053 301 3105 umeros
328 3055 359 3106 et
383 3045 523 3129 discedit.
579 3049 622 3105 At
649 3054 723 3105 oves
750 3045 878 3104 audiunt
903 3051 1010 3105 vocem
1036 3043 1123 3103 ducis
1145 3052 1177 3104 et

179 3145 339 3206 Universae
356 3153 461 3205 notum
476 3146 554 3205 ovile
571 3154 618 3205 sui
633 3145 749 3204 domini
764 3153 881 3222 petunt.

212 3312 298 3376 dives,
312 3327 371 3376 opp.
384 3315 483 3374 eginus,
499 3323 519 3376 5,
535 3324 556 3359 1.
735 3313 838 3376 tamen,
853 3324 892 3368 20,
907 3323 928 3375 5.

212 3395 328 3460 vicinus,
341 3393 364 3452 8,
380 3407 400 3459 5.
735 3395 850 3458 umeros,
864 3407 887 3455 7,
900 3393 923 3442 6.

211 3479 346 3543 properat,
363 3490 400 3542 15,
413 3492 436 3538 4.
735 3476 888 3542 aniversae,
901 3480 993 3525 omnis.
