<?xml version="1.0" encoding="UTF-8"?>
<!DOCTYPE html PUBLIC "-//W3C//DTD XHTML 1.0 Transitional//EN"
    "http://www.w3.org/TR/xhtml1/DTD/xhtml1-transitional.dtd">
<html xmlns="http://www.w3.org/1999/xhtml" xml:lang="en" lang="en">
 <head>
  <title>
</title>
<meta http-equiv="Content-Type" content="text/html;charset=utf-8" />
  <meta name='ocr-system' content='tesseract 3.04.00' />
  <meta name='ocr-capabilities' content='ocr_page ocr_carea ocr_par ocr_line ocrx_word'/>
</head>
<body>
  <div class='ocr_page' id='page_1' title='image "./newgradatimarev02collgoog_0064.png"; bbox 0 0 2684 3942; ppageno 0'>
   <div class='ocr_carea' id='block_1_1' title="bbox 174 285 791 336">
    <p class='ocr_par' dir='ltr' id='par_1_1' title="bbox 174 285 791 336">
     <span class='ocr_line' id='line_1_1' title="bbox 174 285 791 336; baseline 0.002 -1"><span class='ocrx_word' id='word_1_1' title='bbox 174 287 207 335; x_wconf 85' lang='lat'>44</span> <span class='ocrx_word' id='word_1_2' title='bbox 554 285 791 336; x_wconf 83' lang='lat' dir='ltr'><em>ANECDOTES.</em></span> 
     </span>
    </p>
   </div>
   <div class='ocr_carea' id='block_1_2' title="bbox 171 445 1168 1003">
    <p class='ocr_par' dir='ltr' id='par_1_2' title="bbox 171 445 1168 1003">
     <span class='ocr_line' id='line_1_2' title="bbox 214 445 1168 521; baseline 0.002 -16"><span class='ocrx_word' id='word_1_3' title='bbox 214 449 334 505; x_wconf 69' lang='lat' dir='ltr'>Paucos</span> <span class='ocrx_word' id='word_1_4' title='bbox 363 455 433 521; x_wconf 93' lang='lat' dir='ltr'>post</span> <span class='ocrx_word' id='word_1_5' title='bbox 456 453 554 504; x_wconf 71' lang='lat' dir='ltr'>annis</span> <span class='ocrx_word' id='word_1_6' title='bbox 578 446 739 518; x_wconf 70' lang='lat' dir='ltr'>Hercules</span> <span class='ocrx_word' id='word_1_7' title='bbox 763 445 930 506; x_wconf 80' lang='lat' dir='ltr'><strong>Oechaliae</strong></span> <span class='ocrx_word' id='word_1_8' title='bbox 951 455 1056 521; x_wconf 84' lang='lat' dir='ltr'>victor,</span> <span class='ocrx_word' id='word_1_9' title='bbox 1081 448 1168 507; x_wconf 75' lang='lat' dir='ltr'>Iolen</span> 
     </span>
     <span class='ocr_line' id='line_1_3' title="bbox 171 545 1168 624; baseline 0.002 -20"><span class='ocrx_word' id='word_1_10' title='bbox 171 554 323 621; x_wconf 89' lang='lat' dir='ltr'>captivam</span> <span class='ocrx_word' id='word_1_11' title='bbox 347 545 493 604; x_wconf 63' lang='lat' dir='ltr'>Deianira</span> <span class='ocrx_word' id='word_1_12' title='bbox 515 545 720 622; x_wconf 80' lang='lat' dir='ltr'>pulchririrem</span> <span class='ocrx_word' id='word_1_13' title='bbox 750 545 911 605; x_wconf 76' lang='lat' dir='ltr'>adamavit.</span> <span class='ocrx_word' id='word_1_14' title='bbox 958 548 1047 606; x_wconf 89' lang='lat' dir='ltr'>Haec</span> <span class='ocrx_word' id='word_1_15' title='bbox 1076 547 1168 624; x_wconf 88' lang='lat' dir='ltr'>igitur</span> 
     </span>
     <span class='ocr_line' id='line_1_4' title="bbox 171 644 1168 718; baseline 0.002 -14"><span class='ocrx_word' id='word_1_16' title='bbox 171 644 331 704; x_wconf 80' lang='lat' dir='ltr'>verbbrum</span> <span class='ocrx_word' id='word_1_17' title='bbox 355 653 493 703; x_wconf 85' lang='lat' dir='ltr'><strong>centauri</strong></span> <span class='ocrx_word' id='word_1_18' title='bbox 521 645 605 703; x_wconf 96' lang='lat' dir='ltr'>haud</span> <span class='ocrx_word' id='word_1_19' title='bbox 633 645 799 718; x_wconf 86' lang='lat' dir='ltr'>immemor,</span> <span class='ocrx_word' id='word_1_20' title='bbox 823 645 957 704; x_wconf 87' lang='lat' dir='ltr'>tunicam</span> <span class='ocrx_word' id='word_1_21' title='bbox 979 646 1105 705; x_wconf 73' lang='lat' dir='ltr'>sitalem</span> <span class='ocrx_word' id='word_1_22' title='bbox 1128 648 1168 706; x_wconf 92' lang='lat' dir='ltr'>ad</span> 
     </span>
     <span class='ocr_line' id='line_1_5' title="bbox 171 744 1167 823; baseline 0.004 -20"><span class='ocrx_word' id='word_1_23' title='bbox 171 745 332 821; x_wconf 88' lang='lat' dir='ltr'>coniugem</span> <span class='ocrx_word' id='word_1_24' title='bbox 349 744 439 803; x_wconf 89' lang='lat' dir='ltr'><strong>misit.</strong></span> <span class='ocrx_word' id='word_1_25' title='bbox 486 746 578 803; x_wconf 90' lang='lat' dir='ltr'>Hanc</span> <span class='ocrx_word' id='word_1_26' title='bbox 595 745 747 804; x_wconf 77' lang='lat' dir='ltr'>Hercules</span> <span class='ocrx_word' id='word_1_27' title='bbox 767 746 909 804; x_wconf 91' lang='lat' dir='ltr'>incautus</span> <span class='ocrx_word' id='word_1_28' title='bbox 932 745 1031 804; x_wconf 89' lang='lat' dir='ltr'>induit</span> <span class='ocrx_word' id='word_1_29' title='bbox 1051 747 1167 823; x_wconf 88' lang='lat' dir='ltr'>etipse</span> 
     </span>
     <span class='ocr_line' id='line_1_6' title="bbox 172 844 1167 923; baseline 0.003 -20"><span class='ocrx_word' id='word_1_30' title='bbox 172 853 298 903; x_wconf 78' lang='lat' dir='ltr'>necatur</span> <span class='ocrx_word' id='word_1_31' title='bbox 328 845 394 903; x_wconf 77' lang='lat' dir='ltr'>diri</span> <span class='ocrx_word' id='word_1_32' title='bbox 423 853 453 904; x_wconf 92' lang='lat' dir='ltr'>vi</span> <span class='ocrx_word' id='word_1_33' title='bbox 482 844 562 903; x_wconf 92' lang='lat' dir='ltr'>illius</span> <span class='ocrx_word' id='word_1_34' title='bbox 591 852 702 904; x_wconf 77' lang='lat' dir='ltr'>veneni</span> <span class='ocrx_word' id='word_1_35' title='bbox 731 853 793 922; x_wconf 70' lang='lat' dir='ltr'>quii</span> <span class='ocrx_word' id='word_1_36' title='bbox 823 846 894 904; x_wconf 80' lang='lat' dir='ltr'>‹ilim</span> <span class='ocrx_word' id='word_1_37' title='bbox 931 855 1003 905; x_wconf 75' lang='lat' dir='ltr'>suis</span> <span class='ocrx_word' id='word_1_38' title='bbox 1040 847 1167 923; x_wconf 80' lang='lat' dir='ltr'>sagittas</span> 
     </span>
     <span class='ocr_line' id='line_1_7' title="bbox 171 944 311 1003; baseline -0.007 0"><span class='ocrx_word' id='word_1_39' title='bbox 171 944 311 1003; x_wconf 89' lang='lat' dir='ltr'>tinxerat.</span> 
     </span>
    </p>
   </div>
   <div class='ocr_carea' id='block_1_3' title="bbox 203 1076 1132 1311">
    <p class='ocr_par' dir='ltr' id='par_1_3' title="bbox 203 1076 1132 1311">
     <span class='ocr_line' id='line_1_8' title="bbox 204 1076 993 1143; baseline -0.003 -16"><span class='ocrx_word' id='word_1_40' title='bbox 204 1076 330 1142; x_wconf 73' lang='lat' dir='ltr'>fallebat,</span> <span class='ocrx_word' id='word_1_41' title='bbox 345 1076 383 1135; x_wconf 90' lang='lat'>26,</span> <span class='ocrx_word' id='word_1_42' title='bbox 396 1092 419 1138; x_wconf 88' lang='lat'>4.</span> <span class='ocrx_word' id='word_1_43' title='bbox 693 1079 823 1143; x_wconf 84' lang='lat' dir='ltr'>tinxerat,</span> <span class='ocrx_word' id='word_1_44' title='bbox 836 1078 905 1126; x_wconf 83' lang='lat' dir='ltr'>hom</span> <span class='ocrx_word' id='word_1_45' title='bbox 917 1081 993 1142; x_wconf 70' lang='lat' dir='ltr'>tingi.</span> 
     </span>
     <span class='ocr_line' id='line_1_9' title="bbox 203 1160 1132 1232; baseline 0.001 -21"><span class='ocrx_word' id='word_1_46' title='bbox 203 1160 305 1225; x_wconf 83' lang='lat' dir='ltr'>rapuit,</span> <span class='ocrx_word' id='word_1_47' title='bbox 319 1160 351 1209; x_wconf 88' lang='lat' dir='ltr'>cf.</span> <span class='ocrx_word' id='word_1_48' title='bbox 363 1163 477 1223; x_wconf 76' lang='lat' dir='ltr'><em>corripit,</em></span> <span class='ocrx_word' id='word_1_49' title='bbox 490 1175 531 1221; x_wconf 82' lang='lat'>42,</span> <span class='ocrx_word' id='word_1_50' title='bbox 546 1173 566 1226; x_wconf 86' lang='lat'>5.</span> <span class='ocrx_word' id='word_1_51' title='bbox 694 1162 908 1232; x_wconf 82' lang='lat' dir='ltr'>iniquissimum,</span> <span class='ocrx_word' id='word_1_52' title='bbox 920 1162 952 1211; x_wconf 86' lang='lat' dir='ltr'>cf.</span> <span class='ocrx_word' id='word_1_53' title='bbox 962 1179 1049 1226; x_wconf 76' lang='lat' dir='ltr'>aequa,</span> <span class='ocrx_word' id='word_1_54' title='bbox 1062 1163 1099 1221; x_wconf 87' lang='lat'>18,</span> <span class='ocrx_word' id='word_1_55' title='bbox 1109 1176 1132 1226; x_wconf 88' lang='lat'>7.</span> 
     </span>
     <span class='ocr_line' id='line_1_10' title="bbox 203 1244 883 1311; baseline 0 -17"><span class='ocrx_word' id='word_1_56' title='bbox 203 1244 345 1310; x_wconf 83' lang='lat' dir='ltr'>sanguine,</span> <span class='ocrx_word' id='word_1_57' title='bbox 358 1250 454 1302; x_wconf 77' lang='lat' dir='ltr'>cruire,</span> <span class='ocrx_word' id='word_1_58' title='bbox 468 1244 507 1309; x_wconf 87' lang='lat'>38,</span> <span class='ocrx_word' id='word_1_59' title='bbox 523 1258 544 1293; x_wconf 91' lang='lat'>1.</span> <span class='ocrx_word' id='word_1_60' title='bbox 695 1245 794 1311; x_wconf 83' lang='lat' dir='ltr'>induit,</span> <span class='ocrx_word' id='word_1_61' title='bbox 810 1260 847 1309; x_wconf 86' lang='lat'>19,</span> <span class='ocrx_word' id='word_1_62' title='bbox 862 1260 883 1294; x_wconf 90' lang='lat'>2.</span> 
     </span>
    </p>
   </div>
   <div class='ocr_carea' id='block_1_4' title="bbox 443 1410 894 1481">
    <p class='ocr_par' dir='ltr' id='par_1_4' title="bbox 443 1410 894 1481">
     <span class='ocr_line' id='line_1_11' title="bbox 443 1410 894 1481; baseline 0 -15"><span class='ocrx_word' id='word_1_63' title='bbox 443 1410 491 1481; x_wconf 88' lang='lat'>48.</span> <span class='ocrx_word' id='word_1_64' title='bbox 531 1412 558 1466; x_wconf 83' lang='lat' dir='ltr'><strong>A</strong></span> <span class='ocrx_word' id='word_1_65' title='bbox 583 1411 755 1468; x_wconf 74' lang='lat' dir='ltr'>wonderful</span> <span class='ocrx_word' id='word_1_66' title='bbox 780 1411 894 1467; x_wconf 82' lang='lat' dir='ltr'>Dream.</span> 
     </span>
    </p>
   </div>
   <div class='ocr_carea' id='block_1_5' title="bbox 170 1548 1167 2732">
    <p class='ocr_par' dir='ltr' id='par_1_5' title="bbox 170 1548 1167 2732">
     <span class='ocr_line' id='line_1_12' title="bbox 212 1548 1165 1616; baseline 0.003 -3"><span class='ocrx_word' id='word_1_67' title='bbox 212 1557 290 1615; x_wconf 73' lang='lat' dir='ltr'>Tres</span> <span class='ocrx_word' id='word_1_68' title='bbox 312 1556 385 1615; x_wconf 77' lang='lat' dir='ltr'>&lt;illm</span> <span class='ocrx_word' id='word_1_69' title='bbox 406 1556 540 1615; x_wconf 65' lang='lat' dir='ltr'>viatores</span> <span class='ocrx_word' id='word_1_70' title='bbox 558 1565 576 1615; x_wconf 77' lang='lat' dir='ltr'>a</span> <span class='ocrx_word' id='word_1_71' title='bbox 595 1556 696 1615; x_wconf 77' lang='lat' dir='ltr'>Gallii</span> <span class='ocrx_word' id='word_1_72' title='bbox 717 1556 757 1614; x_wconf 87' lang='lat' dir='ltr'>ad</span> <span class='ocrx_word' id='word_1_73' title='bbox 775 1548 898 1615; x_wconf 77' lang='lat' dir='ltr'>ltaliam</span> <span class='ocrx_word' id='word_1_74' title='bbox 921 1556 978 1616; x_wconf 87' lang='lat' dir='ltr'>iter</span> <span class='ocrx_word' id='word_1_75' title='bbox 999 1556 1165 1616; x_wconf 78' lang='lat' dir='ltr'>iaciebant.</span> 
     </span>
     <span class='ocr_line' id='line_1_13' title="bbox 170 1655 1167 1733; baseline 0.003 -20"><span class='ocrx_word' id='word_1_76' title='bbox 170 1656 231 1714; x_wconf 90' lang='lat' dir='ltr'>Via</span> <span class='ocrx_word' id='word_1_77' title='bbox 253 1665 318 1715; x_wconf 90' lang='lat' dir='ltr'>erat</span> <span class='ocrx_word' id='word_1_78' title='bbox 338 1665 369 1715; x_wconf 91' lang='lat' dir='ltr'>et</span> <span class='ocrx_word' id='word_1_79' title='bbox 388 1657 479 1733; x_wconf 89' lang='lat' dir='ltr'>longa</span> <span class='ocrx_word' id='word_1_80' title='bbox 498 1665 528 1715; x_wconf 91' lang='lat' dir='ltr'>et</span> <span class='ocrx_word' id='word_1_81' title='bbox 543 1655 729 1728; x_wconf 87' lang='lat' dir='ltr'>difficillima,</span> <span class='ocrx_word' id='word_1_82' title='bbox 747 1655 829 1731; x_wconf 93' lang='lat' dir='ltr'>quod</span> <span class='ocrx_word' id='word_1_83' title='bbox 852 1655 989 1732; x_wconf 91' lang='lat' dir='ltr'>undique</span> <span class='ocrx_word' id='word_1_84' title='bbox 1011 1656 1167 1716; x_wconf 90' lang='lat' dir='ltr'>montibus</span> 
     </span>
     <span class='ocr_line' id='line_1_14' title="bbox 171 1755 1166 1833; baseline 0 -19"><span class='ocrx_word' id='word_1_85' title='bbox 171 1756 327 1814; x_wconf 86' lang='lat' dir='ltr'>altissimis</span> <span class='ocrx_word' id='word_1_86' title='bbox 357 1755 579 1814; x_wconf 74' lang='lat' dir='ltr'>continebatur.</span> <span class='ocrx_word' id='word_1_87' title='bbox 640 1756 739 1832; x_wconf 85' lang='lat' dir='ltr'>Saepe</span> <span class='ocrx_word' id='word_1_88' title='bbox 769 1764 911 1832; x_wconf 74' lang='lat' dir='ltr'>mignam</span> <span class='ocrx_word' id='word_1_89' title='bbox 941 1756 1002 1814; x_wconf 91' lang='lat' dir='ltr'>cibi</span> <span class='ocrx_word' id='word_1_90' title='bbox 1031 1756 1166 1833; x_wconf 90' lang='lat' dir='ltr'>inopiam</span> 
     </span>
     <span class='ocr_line' id='line_1_15' title="bbox 170 1855 1166 1933; baseline 0.002 -19"><span class='ocrx_word' id='word_1_91' title='bbox 170 1856 303 1915; x_wconf 75' lang='lat' dir='ltr'>viittires</span> <span class='ocrx_word' id='word_1_92' title='bbox 317 1856 505 1928; x_wconf 75' lang='lat' dir='ltr'>toleribant3</span> <span class='ocrx_word' id='word_1_93' title='bbox 529 1855 654 1915; x_wconf 92' lang='lat' dir='ltr'>tandem</span> <span class='ocrx_word' id='word_1_94' title='bbox 670 1856 745 1913; x_wconf 90' lang='lat' dir='ltr'>nihil</span> <span class='ocrx_word' id='word_1_95' title='bbox 760 1856 820 1915; x_wconf 92' lang='lat' dir='ltr'>illis</span> <span class='ocrx_word' id='word_1_96' title='bbox 835 1866 993 1933; x_wconf 84' lang='lat' dir='ltr'>supererat</span> <span class='ocrx_word' id='word_1_97' title='bbox 1009 1856 1067 1915; x_wconf 92' lang='lat' dir='ltr'>nisi</span> <span class='ocrx_word' id='word_1_98' title='bbox 1087 1866 1166 1916; x_wconf 91' lang='lat' dir='ltr'>imus</span> 
     </span>
     <span class='ocr_line' id='line_1_16' title="bbox 170 1955 1166 2034; baseline 0 -19"><span class='ocrx_word' id='word_1_99' title='bbox 170 1956 267 2032; x_wconf 76' lang='lat' dir='ltr'>panis,</span> <span class='ocrx_word' id='word_1_100' title='bbox 298 1956 382 2015; x_wconf 90' lang='lat' dir='ltr'>haud</span> <span class='ocrx_word' id='word_1_101' title='bbox 417 1956 459 2014; x_wconf 90' lang='lat' dir='ltr'>ita</span> <span class='ocrx_word' id='word_1_102' title='bbox 494 1956 629 2034; x_wconf 84' lang='lat' dir='ltr'>grandis,</span> <span class='ocrx_word' id='word_1_103' title='bbox 662 1974 754 2032; x_wconf 91' lang='lat' dir='ltr'>quem</span> <span class='ocrx_word' id='word_1_104' title='bbox 789 1963 896 2015; x_wconf 80' lang='lat' dir='ltr'>omnes</span> <span class='ocrx_word' id='word_1_105' title='bbox 932 1955 1166 2033; x_wconf 60' lang='lat' dir='ltr'>diligentissime</span> 
     </span>
     <span class='ocr_line' id='line_1_17' title="bbox 170 2056 1167 2132; baseline 0 -18"><span class='ocrx_word' id='word_1_106' title='bbox 170 2056 344 2115; x_wconf 80' lang='lat' dir='ltr'>servabant.</span> <span class='ocrx_word' id='word_1_107' title='bbox 391 2058 485 2114; x_wconf 92' lang='lat' dir='ltr'>Hunc</span> <span class='ocrx_word' id='word_1_108' title='bbox 508 2056 567 2114; x_wconf 89' lang='lat' dir='ltr'>sibi</span> <span class='ocrx_word' id='word_1_109' title='bbox 590 2056 720 2131; x_wconf 88' lang='lat' dir='ltr'>quisque</span> <span class='ocrx_word' id='word_1_110' title='bbox 736 2056 881 2115; x_wconf 86' lang='lat' dir='ltr'>vindicat.</span> <span class='ocrx_word' id='word_1_111' title='bbox 926 2057 1069 2132; x_wconf 73' lang='lat' dir='ltr'>Denique</span> <span class='ocrx_word' id='word_1_112' title='bbox 1090 2057 1167 2116; x_wconf 88' lang='lat' dir='ltr'>fessi</span> 
     </span>
     <span class='ocr_line' id='line_1_18' title="bbox 171 2155 1167 2233; baseline -0.001 -19"><span class='ocrx_word' id='word_1_113' title='bbox 171 2163 278 2214; x_wconf 79' lang='lat' dir='ltr'>somni&gt;</span> <span class='ocrx_word' id='word_1_114' title='bbox 301 2163 334 2214; x_wconf 79' lang='lat' dir='ltr'>se</span> <span class='ocrx_word' id='word_1_115' title='bbox 357 2155 432 2214; x_wconf 92' lang='lat' dir='ltr'>dant</span> <span class='ocrx_word' id='word_1_116' title='bbox 454 2163 627 2231; x_wconf 78' lang='lat' dir='ltr'>panemque</span> <span class='ocrx_word' id='word_1_117' title='bbox 651 2163 828 2231; x_wconf 71' lang='lat' dir='ltr'>prripimunt</span> <span class='ocrx_word' id='word_1_118' title='bbox 849 2165 947 2214; x_wconf 90' lang='lat' dir='ltr'>somni</span> <span class='ocrx_word' id='word_1_119' title='bbox 966 2156 1167 2233; x_wconf 83' lang='lat' dir='ltr'>insignissimi</span> 
     </span>
     <span class='ocr_line' id='line_1_19' title="bbox 170 2255 1166 2332; baseline 0 -19"><span class='ocrx_word' id='word_1_120' title='bbox 170 2256 348 2332; x_wconf 88' lang='lat' dir='ltr'>praemium.</span> <span class='ocrx_word' id='word_1_121' title='bbox 410 2258 505 2315; x_wconf 77' lang='lat' dir='ltr'>Mine</span> <span class='ocrx_word' id='word_1_122' title='bbox 538 2275 627 2315; x_wconf 92' lang='lat' dir='ltr'>suum</span> <span class='ocrx_word' id='word_1_123' title='bbox 660 2257 791 2331; x_wconf 88' lang='lat' dir='ltr'>quisque</span> <span class='ocrx_word' id='word_1_124' title='bbox 821 2255 984 2315; x_wconf 90' lang='lat' dir='ltr'>comitibus</span> <span class='ocrx_word' id='word_1_125' title='bbox 1014 2256 1166 2315; x_wconf 90' lang='lat' dir='ltr'>somnium</span> 
     </span>
     <span class='ocr_line' id='line_1_20' title="bbox 171 2355 1166 2433; baseline 0.002 -20"><span class='ocrx_word' id='word_1_126' title='bbox 171 2364 282 2415; x_wconf 78' lang='lat' dir='ltr'>nirrat.</span> <span class='ocrx_word' id='word_1_127' title='bbox 342 2358 462 2414; x_wconf 90' lang='lat' dir='ltr'>Primus</span> <span class='ocrx_word' id='word_1_128' title='bbox 491 2375 528 2414; x_wconf 86' lang='lat' dir='ltr'>ex</span> <span class='ocrx_word' id='word_1_129' title='bbox 557 2355 726 2414; x_wconf 79' lang='lat' dir='ltr'>viatriribus</span> <span class='ocrx_word' id='word_1_130' title='bbox 757 2365 801 2415; x_wconf 91' lang='lat' dir='ltr'>sic</span> <span class='ocrx_word' id='word_1_131' title='bbox 832 2356 956 2433; x_wconf 90' lang='lat' dir='ltr'>incipit:</span> <span class='ocrx_word' id='word_1_132' title='bbox 997 2355 1105 2414; x_wconf 86' lang='lat' dir='ltr'>“Mihi</span> <span class='ocrx_word' id='word_1_133' title='bbox 1134 2356 1166 2415; x_wconf 92' lang='lat' dir='ltr'>in</span> 
     </span>
     <span class='ocr_line' id='line_1_21' title="bbox 171 2455 1167 2536; baseline -0.002 -21"><span class='ocrx_word' id='word_1_134' title='bbox 171 2456 290 2515; x_wconf 78' lang='lat' dir='ltr'>somnii)</span> <span class='ocrx_word' id='word_1_135' title='bbox 313 2456 482 2536; x_wconf 73' lang='lat' dir='ltr'>apparebat</span> <span class='ocrx_word' id='word_1_136' title='bbox 503 2464 611 2532; x_wconf 76' lang='lat' dir='ltr'>rapum</span> <span class='ocrx_word' id='word_1_137' title='bbox 633 2456 896 2533; x_wconf 81' lang='lat' dir='ltr'>ingentissimum3</span> <span class='ocrx_word' id='word_1_138' title='bbox 920 2455 971 2514; x_wconf 83' lang='lat' dir='ltr'>vix</span> <span class='ocrx_word' id='word_1_139' title='bbox 986 2456 1018 2514; x_wconf 90' lang='lat' dir='ltr'>id</span> <span class='ocrx_word' id='word_1_140' title='bbox 1037 2465 1167 2516; x_wconf 87' lang='lat' dir='ltr'>trecenti</span> 
     </span>
     <span class='ocr_line' id='line_1_22' title="bbox 170 2555 1166 2633; baseline 0.001 -19"><span class='ocrx_word' id='word_1_141' title='bbox 170 2557 226 2614; x_wconf 90' lang='lat' dir='ltr'>viri</span> <span class='ocrx_word' id='word_1_142' title='bbox 242 2576 279 2615; x_wconf 83' lang='lat' dir='ltr'>ex</span> <span class='ocrx_word' id='word_1_143' title='bbox 295 2564 367 2633; x_wconf 80' lang='lat' dir='ltr'>agri&gt;</span> <span class='ocrx_word' id='word_1_144' title='bbox 387 2556 558 2615; x_wconf 81' lang='lat' dir='ltr'>trahebant.</span> <span class='ocrx_word' id='word_1_145' title='bbox 604 2558 688 2614; x_wconf 92' lang='lat' dir='ltr'>Num</span> <span class='ocrx_word' id='word_1_146' title='bbox 702 2564 757 2615; x_wconf 72' lang='lat' dir='ltr'>viis</span> <span class='ocrx_word' id='word_1_147' title='bbox 779 2555 895 2632; x_wconf 93' lang='lat' dir='ltr'>aliquid</span> <span class='ocrx_word' id='word_1_148' title='bbox 916 2556 975 2615; x_wconf 72' lang='lat' dir='ltr'>hic</span> <span class='ocrx_word' id='word_1_149' title='bbox 998 2556 1166 2615; x_wconf 76' lang='lat' dir='ltr'>mirabilius</span> 
     </span>
     <span class='ocr_line' id='line_1_23' title="bbox 170 2655 923 2732; baseline -0.004 -17"><span class='ocrx_word' id='word_1_150' title='bbox 170 2656 343 2716; x_wconf 76' lang='lat' dir='ltr'>videbitis?</span> <span class='ocrx_word' id='word_1_151' title='bbox 388 2656 467 2714; x_wconf 91' lang='lat' dir='ltr'>Mihi</span> <span class='ocrx_word' id='word_1_152' title='bbox 483 2663 565 2714; x_wconf 77' lang='lat' dir='ltr'>certe</span> <span class='ocrx_word' id='word_1_153' title='bbox 581 2656 750 2732; x_wconf 87' lang='lat' dir='ltr'>praemium</span> <span class='ocrx_word' id='word_1_154' title='bbox 765 2655 923 2715; x_wconf 75' lang='lat' dir='ltr'>debetur.”</span> 
     </span>
    </p>
   </div>
   <div class='ocr_carea' id='block_1_6' title="bbox 235 2804 1134 3037">
    <p class='ocr_par' dir='ltr' id='par_1_6' title="bbox 235 2804 1134 3037">
     <span class='ocr_line' id='line_1_24' title="bbox 235 2804 1134 2870; baseline -0.004 -15"><span class='ocrx_word' id='word_1_155' title='bbox 235 2806 398 2870; x_wconf 62' lang='lat' dir='ltr'>tolerabant,</span> <span class='ocrx_word' id='word_1_156' title='bbox 414 2819 450 2864; x_wconf 87' lang='lat'>14,</span> <span class='ocrx_word' id='word_1_157' title='bbox 465 2819 486 2868; x_wconf 90' lang='lat'>3.</span> <span class='ocrx_word' id='word_1_158' title='bbox 693 2806 850 2869; x_wconf 65' lang='lat' dir='ltr'>trahebant,</span> <span class='ocrx_word' id='word_1_159' title='bbox 859 2804 892 2853; x_wconf 82' lang='lat' dir='ltr'>cf.</span> <span class='ocrx_word' id='word_1_160' title='bbox 901 2805 1033 2862; x_wconf 81' lang='lat' dir='ltr'>abstrahit,</span> <span class='ocrx_word' id='word_1_161' title='bbox 1046 2817 1083 2865; x_wconf 87' lang='lat'>14,</span> <span class='ocrx_word' id='word_1_162' title='bbox 1097 2818 1134 2852; x_wconf 89' lang='lat'>11.</span> 
     </span>
     <span class='ocr_line' id='line_1_25' title="bbox 236 2888 859 2954; baseline -0.006 -15"><span class='ocrx_word' id='word_1_163' title='bbox 236 2891 385 2954; x_wconf 83' lang='lat' dir='ltr'>supererat,</span> <span class='ocrx_word' id='word_1_164' title='bbox 401 2904 437 2947; x_wconf 90' lang='lat'>10,</span> <span class='ocrx_word' id='word_1_165' title='bbox 454 2888 476 2938; x_wconf 85' lang='lat'>6.</span> <span class='ocrx_word' id='word_1_166' title='bbox 695 2902 770 2953; x_wconf 88' lang='lat' dir='ltr'>num,</span> <span class='ocrx_word' id='word_1_167' title='bbox 786 2902 823 2946; x_wconf 90' lang='lat'>12,</span> <span class='ocrx_word' id='word_1_168' title='bbox 836 2903 859 2948; x_wconf 85' lang='lat'>4.</span> 
     </span>
     <span class='ocr_line' id='line_1_26' title="bbox 236 2971 945 3037; baseline -0.006 -15"><span class='ocrx_word' id='word_1_169' title='bbox 236 2974 397 3037; x_wconf 75' lang='lat' dir='ltr'>pript&#39;tnunt,</span> <span class='ocrx_word' id='word_1_170' title='bbox 411 2987 451 3033; x_wconf 88' lang='lat'>41,</span> <span class='ocrx_word' id='word_1_171' title='bbox 466 2984 487 3037; x_wconf 86' lang='lat'>5.</span> <span class='ocrx_word' id='word_1_172' title='bbox 694 2971 855 3032; x_wconf 74' lang='lat' dir='ltr'>mirabilius,</span> <span class='ocrx_word' id='word_1_173' title='bbox 870 2985 910 3037; x_wconf 84' lang='lat'>45,</span> <span class='ocrx_word' id='word_1_174' title='bbox 925 2986 945 3019; x_wconf 92' lang='lat'>1.</span> 
     </span>
    </p>
   </div>
   <div class='ocr_carea' id='block_1_7' title="bbox 340 3153 995 3224">
    <p class='ocr_par' dir='ltr' id='par_1_7' title="bbox 340 3153 995 3224">
     <span class='ocr_line' id='line_1_27' title="bbox 340 3153 995 3224; baseline -0.005 -15"><span class='ocrx_word' id='word_1_175' title='bbox 340 3168 388 3224; x_wconf 86' lang='lat'>49.</span> <span class='ocrx_word' id='word_1_176' title='bbox 429 3154 456 3209; x_wconf 79' lang='lat' dir='ltr'>A</span> <span class='ocrx_word' id='word_1_177' title='bbox 480 3153 652 3210; x_wconf 70' lang='lat' dir='ltr'>wonderful</span> <span class='ocrx_word' id='word_1_178' title='bbox 678 3154 995 3210; x_wconf 59' lang='lat' dir='ltr'>Breuem-continued.</span> 
     </span>
    </p>
   </div>
   <div class='ocr_carea' id='block_1_8' title="bbox 120 3296 1167 3573">
    <p class='ocr_par' dir='ltr' id='par_1_8' title="bbox 120 3296 1167 3573">
     <span class='ocr_line' id='line_1_28' title="bbox 212 3296 1166 3374; baseline -0.002 -20"><span class='ocrx_word' id='word_1_179' title='bbox 212 3297 292 3355; x_wconf 90' lang='lat' dir='ltr'>Tum</span> <span class='ocrx_word' id='word_1_180' title='bbox 315 3297 477 3369; x_wconf 88' lang='lat' dir='ltr'>secundus,</span> <span class='ocrx_word' id='word_1_181' title='bbox 496 3297 683 3356; x_wconf 83' lang='lat' dir='ltr'>“Somnium</span> <span class='ocrx_word' id='word_1_182' title='bbox 706 3296 830 3374; x_wconf 89' lang='lat' dir='ltr'>quidem</span> <span class='ocrx_word' id='word_1_183' title='bbox 853 3306 961 3355; x_wconf 88' lang='lat' dir='ltr'>mirum</span> <span class='ocrx_word' id='word_1_184' title='bbox 984 3296 1166 3367; x_wconf 75' lang='lat' dir='ltr'>nirraivisti3</span> 
     </span>
     <span class='ocr_line' id='line_1_29' title="bbox 171 3394 1167 3472; baseline 0 -19"><span class='ocrx_word' id='word_1_185' title='bbox 171 3395 245 3453; x_wconf 92' lang='lat' dir='ltr'>mihi</span> <span class='ocrx_word' id='word_1_186' title='bbox 267 3406 370 3455; x_wconf 91' lang='lat' dir='ltr'>tamen</span> <span class='ocrx_word' id='word_1_187' title='bbox 394 3396 510 3472; x_wconf 93' lang='lat' dir='ltr'>aliquid</span> <span class='ocrx_word' id='word_1_188' title='bbox 532 3397 701 3455; x_wconf 78' lang='lat' dir='ltr'>mirabilius</span> <span class='ocrx_word' id='word_1_189' title='bbox 723 3406 823 3455; x_wconf 90' lang='lat' dir='ltr'>visum</span> <span class='ocrx_word' id='word_1_190' title='bbox 846 3406 901 3456; x_wconf 89' lang='lat' dir='ltr'>est.</span> <span class='ocrx_word' id='word_1_191' title='bbox 947 3399 1028 3455; x_wconf 91' lang='lat' dir='ltr'>Nam</span> <span class='ocrx_word' id='word_1_192' title='bbox 1050 3396 1114 3455; x_wconf 92' lang='lat' dir='ltr'>vidi</span> <span class='ocrx_word' id='word_1_193' title='bbox 1135 3394 1167 3453; x_wconf 92' lang='lat' dir='ltr'>in</span> 
     </span>
     <span class='ocr_line' id='line_1_30' title="bbox 120 3495 1167 3573; baseline 0 -20"><span class='ocrx_word' id='word_1_194' title='bbox 120 3530 124 3536; x_wconf 89' lang='lat'>·</span> <span class='ocrx_word' id='word_1_195' title='bbox 171 3495 290 3554; x_wconf 77' lang='lat' dir='ltr'>somnii)</span> <span class='ocrx_word' id='word_1_196' title='bbox 313 3504 368 3554; x_wconf 79' lang='lat' dir='ltr'>vas</span> <span class='ocrx_word' id='word_1_197' title='bbox 390 3495 642 3573; x_wconf 85' lang='lat' dir='ltr'>ingentissimum,</span> <span class='ocrx_word' id='word_1_198' title='bbox 668 3496 751 3572; x_wconf 92' lang='lat' dir='ltr'>quod</span> <span class='ocrx_word' id='word_1_199' title='bbox 773 3497 823 3554; x_wconf 87' lang='lat' dir='ltr'>vix</span> <span class='ocrx_word' id='word_1_200' title='bbox 846 3505 1005 3573; x_wconf 87' lang='lat' dir='ltr'>quingenti</span> <span class='ocrx_word' id='word_1_201' title='bbox 1027 3495 1167 3555; x_wconf 72' lang='lat' dir='ltr'>hominis</span> 
     </span>
    </p>
   </div>
   <div class='ocr_carea' id='block_1_9' title="bbox 0 0 1346 3942">
    <p class='ocr_par' dir='ltr' id='par_1_9' title="bbox 0 0 1346 3942">
     <span class='ocr_line' id='line_1_31' title="bbox 0 0 1346 3942; baseline 0 0"><span class='ocrx_word' id='word_1_202' title='bbox 0 0 1346 3942; x_wconf 95' lang='lat' dir='ltr'> </span> 
     </span>
    </p>
   </div>
  </div>
 </body>
</html>
