2684 3942
488 570 551 629 15⁰·
592 558 653 614 The
670 557 846 628 wind-Bag.

210 703 331 760 Novem
355 699 421 759 dies
451 708 543 760 vento
573 701 798 760 secundissimo
827 719 949 760 cursum
979 709 1164 762 tenuerunt:

168 799 290 875 iamque
306 800 337 857 in
353 806 553 876 conspectum
569 799 686 876 patriae
707 819 781 859 suae
796 807 953 872 venerant,
971 819 1041 859 cum
1057 801 1164 860 Ulixes

166 899 347 958 lassitsrdine
371 901 541 971 confectus
567 899 634 976 ipse
658 900 739 958 enim
764 909 857 959 mana
881 908 936 959 sua
960 900 1162 977 gubernabat,

167 999 207 1057 ad
222 999 357 1075 quietem
372 999 555 1075 capiendam
571 999 720 1058 recubuit.
766 1002 807 1057 At
823 999 907 1071 socii,
919 1008 971 1075 qui
987 999 1163 1058 iamdndum

166 1100 357 1157 mirabantur
368 1098 443 1174 quid
459 1098 490 1155 in
506 1098 557 1157 ille
570 1106 661 1158 sacca
674 1099 826 1157 inclr‘rsum
839 1108 929 1171 esset,
943 1105 1013 1157 cnm
1025 1098 1163 1158 viderent

167 1198 277 1258 ducem
301 1206 410 1257 somno
434 1217 615 1275 oppressum
637 1217 715 1270 esse,
743 1208 859 1257 tantam
880 1198 1076 1258 occasionem
1101 1206 1162 1258 nan

167 1296 369 1358 omittendam
397 1298 536 1357 arbitrati
561 1308 651 1357 sunt:
689 1298 856 1357 credebant
886 1298 967 1373 enim
997 1316 1103 1356 aurum
1132 1306 1163 1357 et

167 1408 328 1475 argentum
353 1398 396 1456 ibi
422 1398 522 1457 celari.
569 1401 678 1476 Itaque
705 1405 760 1475 spe
786 1398 861 1456 lucri
888 1397 1014 1457 adducti
1039 1416 1162 1457 saccum

166 1497 234 1556 sine
249 1506 335 1557 mora
350 1498 524 1557 solverunt:
551 1506 613 1573 quo
627 1499 720 1571 facta,
737 1508 821 1557 venti

499 1630 599 1679 “Velut
612 1631 715 1694 agmine
726 1630 797 1679 facto

300 1715 360 1775 Qua
372 1713 433 1762 data
444 1721 521 1776 porta
532 1722 610 1762 ruunt
623 1722 648 1762 et
661 1722 742 1763 terras
755 1714 856 1763 turbine
868 1714 1001 1777 perflant.’'

167 1831 329 1907 Extemplo
344 1841 430 1890 tanta
446 1840 614 1907 tempestas
630 1831 733 1889 subito
749 1832 855 1889 collita
871 1840 926 1904 est,
940 1840 974 1890 ut
986 1831 1028 1889 illr
1040 1849 1162 1890 cursum

166 1938 270 1990 tenere
293 1937 356 1990 non
380 1940 516 2006 possent,
536 1932 591 1989 sed
616 1930 646 1988 in
672 1931 802 1990 eandem
828 1940 946 2007 partem
970 1930 1052 1989 unde
1075 1939 1161 1990 erant

166 2031 298 2108 profecti
322 2031 515 2090 referrentur.
561 2030 670 2090 Ulixes
697 2038 714 2089 e
738 2037 847 2089 somne
871 2030 1105 2107 excitatusque
1130 2030 1161 2087 in

166 2130 236 2190 loco
251 2138 300 2190 res
315 2141 398 2190 esset
417 2131 519 2190 statim
535 2130 702 2189 intellexit:
734 2149 858 2189 saccum
874 2130 1006 2189 solatum
1024 2131 1162 2189 Ithacam

165 2239 236 2308 post
247 2240 365 2308 tergum
378 2231 515 2289 relictam
527 2231 603 2289 vidit
615 2253 621 2288 ε
645 2240 709 2288 tum
721 2237 793 2289 vere
805 2229 938 2289 maxima
949 2229 1161 2307 indignatione

166 2330 279 2389 exarsit
303 2330 466 2408 sociosque
492 2330 683 2407 obiurgabat,
710 2330 793 2406 quod
817 2328 986 2406 cupiditate
1011 2328 1161 2405 pecaniae

167 2429 293 2488 adducti
314 2448 401 2507 spem
424 2429 541 2506 patriae
562 2429 716 2489 videndae
738 2428 948 2505 proiecissent.

492 2641 556 2700 151.
597 2629 738 2699 Drawing
757 2628 836 2683 Lots.

209 2775 298 2832 Brevi
320 2773 495 2831 intermisse
515 2772 623 2848 spatio,
641 2773 752 2830 Graeci
775 2769 893 2830 insulae
914 2772 1036 2830 cuidam
1056 2790 1163 2848 appro

166 2879 393 2948 pinquaverunt
408 2891 500 2948 quarn
517 2871 614 2944 Circe,
631 2871 698 2929 filia
715 2870 803 2942 Solis,
821 2871 984 2930 incolebat.
1030 2871 1078 2929 Ibi
1093 2889 1163 2929 cum

166 2980 277 3030 navem
301 2970 479 3047 appulisset
509 2971 616 3029 Ulixes
643 2970 674 3028 in
700 2980 812 3029 terram
837 2969 1047 3029 framentandi
1069 2978 1163 3028 causa

167 3069 385 3146 egrediendum
409 3089 478 3130 esse
503 3070 625 3143 statuit;
658 3077 845 3147 cognoverat
870 3069 952 3128 enirn
976 3070 1163 3128 framentum

167 3168 250 3243 quod
266 3169 297 3225 in
314 3177 384 3228 navi
399 3170 549 3229 haberent
567 3169 626 3227 iam
651 3169 791 3228 deficere.
838 3169 937 3228 Sociis
959 3168 1051 3246 igitur
1070 3170 1110 3228 ad
1130 3176 1164 3228 se

168 3276 354 3340 convocatis,
383 3276 444 3343 qua
470 3269 501 3326 in
530 3270 600 3328 loco
629 3276 678 3328 res
704 3278 787 3329 esset
812 3278 843 3328 et
870 3269 945 3346 quid
971 3270 1036 3327 fieri
1062 3269 1163 3341 vellet,

168 3365 316 3424 ostendit.
359 3368 438 3425 Cum
458 3377 561 3427 tamen
578 3376 685 3428 omnes
705 3368 737 3426 in
758 3369 903 3428 memoria
918 3376 1058 3429 tenerent
1073 3387 1165 3445 quarn

169 3463 285 3521 credeli
300 3474 397 3522 morte
413 3467 631 3526 occubuissent
646 3467 667 3525 ir
683 3476 736 3543 qui
751 3477 849 3543 naper
864 3468 897 3525 in
911 3468 1042 3545 patriam
1058 3468 1165 3547 Cycle

170 3579 243 3636 pum
258 3567 374 3636 egressi
394 3571 507 3635 essent,
524 3572 614 3623 nemo
630 3575 769 3641 repertus
790 3575 905 3641 estqui
925 3567 985 3626 hac
1007 3567 1165 3645 negotium
