2684 3942
193 297 228 347 82
573 299 813 347 ANECDOTES.

197 465 365 544 agitabant,
378 475 464 543 gravi
479 475 596 525 nausea
611 484 778 543 oppressus
794 475 922 525 mortem
943 466 1070 542 optavit.
1116 468 1191 527 Mox

196 575 307 639 autem,
330 566 383 625 ubi
405 575 451 625 vis
472 566 666 643 tempestitis
688 567 878 640 mitescebat,
901 567 1041 626 morbum
1063 566 1189 643 depulit.

197 670 307 726 Paucis
322 675 393 744 post
408 666 526 739 diebus,
544 668 617 727 dum
632 675 739 743 aperto
754 676 830 725 mari
844 666 951 744 procul
966 675 985 725 ai
999 676 1090 744 portir
1109 666 1191 725 naivi-

194 776 291 845 gaitur,
312 786 439 844 parvam
458 768 590 827 insulam
610 766 699 844 nigro
720 767 821 826 colore
843 767 927 826 haud
949 767 1076 827 multum
1100 786 1191 843 super

194 886 307 944 aquam
330 867 516 927 eminentem
542 877 654 927 nautae
676 866 791 926 vident.
836 868 916 925 Tum
942 873 1049 925 omnes
1072 874 1088 926 ὃ
1111 875 1189 925 nave

195 975 312 1045 cgressi
333 969 393 1050 hirc
416 967 487 1027 illirc
512 988 567 1045 per
592 975 688 1027 tritam
714 968 845 1026 insulam
866 976 1037 1045 vagantum
1063 967 1188 1026 tandem

195 1077 297 1145 ignem
326 1068 495 1127 accendere
525 1067 686 1144 incipiunt.
736 1067 845 1127 Subito
874 1069 932 1127 sub
961 1066 1093 1144 pedibus
1122 1066 1190 1125 diro

195 1168 299 1228 sonitti
327 1168 427 1227 insula
456 1168 580 1227 eminuit
605 1168 636 1226 in
661 1168 761 1227 undis
788 1175 957 1243 omnesque
982 1167 1014 1224 in
1039 1166 1189 1244 gurgitem

194 1269 298 1328 hausti
327 1278 408 1328 sunt.
454 1270 628 1328 Monstrum
664 1266 747 1325 enim
783 1276 942 1340 marinum,
974 1286 1053 1343 quae
1088 1276 1189 1326 nautis

195 1368 296 1428 insula
311 1369 351 1428 ob
368 1368 611 1446 magnitudinem
623 1378 690 1427 visa
701 1377 757 1441 est,
771 1375 787 1427 e
803 1374 912 1427 somno
928 1376 998 1445 igne
1013 1366 1187 1439 excitatum,

194 1468 226 1527 in
243 1487 326 1527 mare
341 1475 374 1527 se
395 1468 509 1528 mersit.
555 1468 627 1542 Quo
649 1476 724 1527 casir
746 1475 853 1526 omnes
875 1476 989 1526 nautae
1011 1466 1187 1543 perierunt3

196 1568 291 1628 Sinon
308 1577 410 1628 autem
426 1577 538 1646 magna
553 1576 711 1628 sustentus
727 1569 814 1627 trabe
830 1586 922 1644 quam
937 1568 1016 1628 forte
1032 1568 1072 1627 ad
1086 1576 1188 1643 ignem

194 1669 322 1742 ferebat,
339 1668 475 1729 natando
491 1669 531 1728 ad
545 1677 657 1728 terram
673 1675 809 1746 ignotam
824 1667 972 1745 pervenit.

261 1819 414 1885 constituit,
427 1832 467 1884 73,
481 1819 504 1869 6.
838 1820 907 1884 diro,
919 1832 959 1883 90,
972 1832 995 1884 3.

260 1904 311 1954 hirc
323 1902 397 1969 illito,
413 1917 450 1964 14,
465 1917 502 1952 10.
837 1903 987 1969 perierunt,
1000 1901 1034 1952 cf.
1045 1901 1086 1968 83,
1099 1915 1121 1950 2.

476 2183 524 2241 94.
551 2170 613 2225 The
631 2169 774 2226 Diamond
792 2169 907 2243 Valley.

237 2313 332 2374 Sinon
357 2313 483 2391 quidem
508 2322 607 2374 totum
631 2314 714 2374 diem
739 2334 794 2393 per
819 2314 887 2375 loca
912 2315 1034 2374 deserta
1059 2324 1188 2393 vagitus

194 2423 279 2473 omni
293 2422 348 2491 spe
364 2414 481 2473 reditus
497 2414 636 2474 deiectus
652 2424 707 2474 est.
753 2418 795 2475 At
809 2425 903 2474 noctu
923 2415 996 2473 dum
1012 2415 1131 2488 dormit,
1149 2414 1189 2474 ad

193 2515 304 2573 vallem
320 2514 477 2574 altissimis
492 2514 648 2574 montibus
663 2515 860 2574 interclusam
876 2514 994 2592 ingenti
1012 2534 1068 2574 ave
1083 2525 1189 2592 raptus

194 2626 249 2675 est.
294 2614 365 2674 Tali
387 2615 534 2674 miraculo
557 2614 706 2674 attonitus
728 2623 854 2692 postero
879 2615 929 2674 die
955 2615 1071 2692 aliquid
1096 2615 1189 2674 etiam

91 2711 102 2719 “
193 2714 361 2774 miribilius
390 2715 484 2786 vidit;
514 2722 580 2773 tota
609 2714 692 2773 enim
720 2715 808 2773 vallis
837 2724 965 2792 gemmis
994 2723 1102 2775 <imita
1131 2724 1188 2774 est.

195 2814 321 2874 Incolae
336 2814 427 2874 huius
443 2825 541 2874 terrae
557 2815 641 2891 quod
656 2814 688 2872 in
703 2814 813 2873 vallem
830 2815 978 2874 descendi
993 2823 1055 2874 non
1075 2824 1187 2892 potest,

193 2924 331 2992 gemmas
361 2915 404 2974 ita
433 2914 587 2992 conligere
618 2916 727 2974 solent.
789 2916 921 2985 Summis
958 2915 997 2974 de
1033 2916 1189 2975 montibus

194 3034 317 3074 carnem
344 3015 490 3088 deiciunt,
518 3034 610 3092 quam
641 3014 762 3092 aquilae
789 3016 829 3073 ab
856 3023 917 3073 ima
941 3015 1019 3074 valle
1043 3015 1074 3073 in
1099 3016 1189 3074 nidos

194 3116 305 3174 ferunt.
351 3115 429 3173 Inde
445 3121 629 3174 mercatores
646 3122 758 3191 maignd
774 3115 907 3173 clamore
929 3121 1001 3174 aves
1022 3115 1188 3192 depellunt,

194 3222 384 3289 gemmisque
400 3224 484 3273 carni
500 3214 740 3273 adhaerentibus
757 3215 816 3291 ipsi
831 3214 997 3291 potiuntur.
1028 3214 1121 3287 Quod
1137 3214 1190 3273 ubi

196 3312 294 3371 Sinon
319 3312 472 3388 cognovit,
496 3323 659 3390 postquam
685 3321 754 3373 sese
781 3334 872 3391 quam
899 3315 1035 3391 plurimis
1060 3323 1190 3392 gemmis

195 3418 383 3481 oneraverat,
412 3429 499 3470 suum
524 3431 635 3489 corpus
662 3414 702 3473 ad
725 3433 848 3473 carnem
875 3414 1021 3491 adligavit
1045 3423 1190 3491 tritusque

195 3516 307 3585 magnai
322 3508 425 3589 aquilei
439 3511 480 3587 ad
495 3511 602 3589 nidum
618 3515 699 3595 litus
714 3524 770 3574 est.
816 3515 909 3591 Unde
930 3515 970 3588 ad
993 3516 1100 3591 urbem
1123 3534 1192 3609 pro·
