2684 3942
603 286 650 340 UL
657 286 771 340 YSSES.
1134 282 1183 338 119

185 451 310 534 paulum
336 459 355 516 a
380 450 468 516 litore
493 450 524 515 in
551 455 646 515 altum
672 463 836 533 provectus
862 460 917 515 est.
963 450 991 514 T
993 475 1043 513 um
1069 463 1181 532 magna

185 564 261 615 voce
296 556 486 630 exclamavit,
519 558 612 628 “Tu,
644 557 840 634 Polypheme,
877 566 930 632 qui
967 555 1033 614 iura
1066 554 1181 630 hospiti

187 656 316 734 spernis,
348 655 458 714 iustam
488 666 520 715 et
549 656 685 715 debitam
719 674 851 732 poenam
881 654 1081 714 immanitatis
1110 664 1180 712 tuae

186 755 335 814 solvisti.'’
381 757 452 814 Hac
467 763 543 814 voce
562 754 675 827 audita,
695 755 900 833 Polyphemus
921 763 965 813 ira
984 754 1181 812 vehementer

186 863 356 914 commotus
381 856 420 914 ad
445 874 527 913 mare
552 863 585 913 se
610 855 739 913 contulit
765 864 796 913 et
820 855 873 913 ubi
897 854 1044 913 intellexit
1070 862 1180 912 navem

186 955 309 1032 paulum
331 964 350 1014 a
374 955 462 1014 lirore
483 963 630 1014 remotam
651 974 730 1027 esse,
748 974 854 1013 saxum
878 954 985 1031 ingens
1006 963 1099 1012 manu
1118 972 1181 1012 cor-

187 1065 305 1131 reptum
321 1055 352 1113 in
364 1073 433 1113 eam
448 1064 566 1130 partem
579 1054 722 1125 coniecit,
734 1055 816 1112 unde
832 1061 938 1112 vocem
954 1061 1058 1112 venire
1074 1053 1179 1111 sensit.

187 1155 297 1213 Graeci
318 1164 430 1227 autem,
447 1163 506 1213 etsi
526 1154 685 1211 minimum
710 1154 788 1213 afuit
808 1162 882 1229 quin
904 1153 1179 1229 submergerentur,

186 1254 270 1313 nullo
286 1261 414 1330 accepto
430 1254 543 1312 damno
558 1272 681 1312 cursum
696 1260 869 1313 tenuerunt.

402 1515 466 1571 149.
506 1501 567 1557 The
585 1502 716 1574 country
734 1501 765 1556 of
782 1503 833 1557 the
851 1501 966 1557 Winds.

230 1664 332 1720 Pauca
346 1662 442 1720 millia
461 1681 608 1738 passuum
624 1663 664 1720 ab
680 1669 717 1721 eo
733 1662 804 1720 loco
819 1669 1001 1738 progressus
1016 1660 1125 1720 Ulixes
1141 1662 1181 1720 ad

186 1762 317 1820 insulam
354 1761 519 1837 quandam,
557 1761 682 1821 nomine
719 1760 868 1831 Aeoliam,
905 1769 1016 1819 navem
1053 1760 1178 1837 appulit.

188 1862 278 1919 Haec
300 1860 399 1937 patria
420 1869 485 1919 erat
506 1862 686 1919 Ventorum.

586 2027 659 2076 “Hic
671 2035 746 2075 vasto
758 2042 803 2075 rex
816 2027 916 2076 Aeolus
928 2034 1003 2075 antro

353 2111 495 2159 Luctantes
508 2119 599 2158 ventos
612 2117 833 2173 tempestatesque
845 2125 954 2159 sonoras

354 2194 466 2256 Imperio
479 2193 572 2256 premit
585 2208 615 2240 ac
628 2193 718 2240 vinclis
731 2201 757 2240 et
769 2208 870 2241 carcere
883 2192 992 2241 frenat.”

104 2406 107 2413 .
188 2361 236 2420 Ibi
257 2369 308 2420 rex
328 2362 395 2437 ipse
411 2361 549 2420 Graecos
569 2360 704 2436 hospitio
725 2359 844 2436 accepit
864 2371 956 2435 atque
971 2360 1009 2419 iis
1029 2359 1182 2437 persuasit

187 2470 221 2519 ut
251 2461 290 2518 ad
321 2460 548 2536 recuperandas
578 2466 657 2518 vires
687 2467 803 2536 paucos
833 2459 900 2518 dies
929 2459 961 2517 in
991 2468 1028 2518 ea
1056 2458 1181 2536 regione

187 2568 454 2618 commorarentur.
500 2558 638 2634 Septimo
660 2559 710 2617 die
736 2578 805 2617 cum
832 2559 907 2618 socii
929 2566 945 2617 ἐ
968 2559 1125 2618 laboribus
1148 2565 1181 2616 se

186 2660 384 2736 recepissent,
402 2658 518 2731 Ulixes
536 2665 575 2716 ne
596 2667 821 2735 annitempore
837 2659 1065 2735 enavigatione
1084 2659 1182 2716 exclu-

186 2760 315 2831 deretur,
348 2758 406 2818 sibi
436 2758 502 2818 sine
531 2767 616 2817 mora
645 2759 902 2834 proficiscendum
932 2758 1046 2817 statuit.
1102 2759 1181 2816 Tum

187 2859 310 2931 Aeolus,
321 2859 373 2934 qui
384 2860 464 2917 bene
475 2857 593 2916 sciebat
604 2877 675 2916 eum
687 2858 818 2917 maxime
828 2858 974 2934 cupidum
985 2876 1054 2917 esse
1064 2857 1181 2935 patriae

186 2958 347 3031 videndae,
364 2958 448 3017 Ulixi
470 2958 530 3015 iam
553 2959 729 3033 profecturo
751 2967 895 3034 magnum
912 2958 998 3017 dedit
1020 2977 1143 3017 saccum
1165 2966 1182 3017 ἑ

184 3058 271 3117 corio
283 3058 465 3129 confectum,
479 3057 509 3115 in
527 3066 589 3133 quo
601 3065 710 3117 ventos
726 3065 833 3116 omnes
845 3067 966 3134 praeter
982 3067 1075 3116 unum
1091 3057 1182 3116 inclu-

185 3167 276 3217 serat.
299 3158 470 3236 Zephyrum
480 3168 598 3217 tantum
609 3167 862 3234 praetermiserat,
870 3158 954 3233 quod
963 3158 1047 3216 illum
1057 3168 1182 3217 ventum

185 3258 227 3316 ad
243 3259 382 3316 Ithacam
398 3258 573 3335 navigando
586 3258 730 3317 idoneum
743 3277 811 3317 esse
828 3258 954 3316 sciebat.
1000 3258 1108 3317 Ulixes
1124 3259 1182 3316 hoc

185 3358 301 3416 donum
314 3357 444 3416 libenter
455 3356 573 3433 accepit
586 3367 617 3417 et
627 3357 734 3434 gratiis
746 3364 801 3433 pro
811 3365 897 3416 tanto
907 3357 1059 3416 beneficio
1068 3357 1181 3428 relatis,

185 3475 310 3515 saccum
323 3457 362 3515 ad
373 3457 486 3516 malum
500 3456 613 3533 ligavit.
659 3459 739 3514 Tum
750 3457 894 3515 omnibus
907 3457 946 3515 ad
961 3456 1181 3532 profectionem
1232 3439 1235 3443 ¹

185 3565 303 3633 paratis
318 3556 488 3615 meridiano
503 3557 568 3615 fere
584 3566 722 3633 tempore
738 3563 755 3615 e
770 3565 859 3632 portu
875 3555 973 3614 solvit.
