2684 3942
557 297 796 347 ANECDOTES.

347 416 469 558 -d

501 529 546 570 12.
588 514 854 584 Orchard-robbing.

221 679 259 735 In
276 676 430 754 Hispania
445 676 517 736 olim
533 675 656 734 vivebat
672 677 765 746 Nero,
782 693 857 750 puer
877 616 1044 751 irripddbus.
1083 677 1175 736 Forte

177 788 243 836 erat
258 776 516 853 vicinoinrlrorto
535 775 626 833 arbor
647 782 760 850 magna
781 782 907 833 maturis
929 781 1029 851 pomis
1051 787 1172 836 onusta.

177 877 241 937 Ubi
256 896 333 954 puer
352 877 493 935 arborem
508 875 602 948 videt,
619 882 731 951 magna
751 874 864 950 cupido
884 875 1017 950 praedae
1039 875 1173 936 animum

176 987 318 1054 occupat
375 978 485 1034 “Num
517 975 662 1034 dominus
696 993 745 1033 me
774 973 939 1033 videbit?”
970 974 1069 1051 inquit
1097 996 1174 1053 puer

177 1077 317 1189 avidus.
342 1078 433 1136 “Cur
455 1075 595 1134 arborem
617 1082 679 1133 non
704 1075 808 1133 statim
830 1076 1017 1135 ascend6?’'
1063 1078 1173 1153 ltaque

177 1140 248 1236 sirie
259 1196 345 1236 mora
361 1194 478 1235 ramum
494 1174 658 1252 prehendit
673 1184 705 1234 et
720 1175 751 1232 in
767 1176 907 1235 arborem
920 1195 953 1234 se
969 1176 1069 1235 trahit
1106 1180 1172 1236 Iam

177 1277 256 1336 inter
287 1276 380 1354 poma
412 1277 523 1347 sedet;
567 1275 626 1333 iam
663 1276 737 1334 dext
725 1283 771 1334 tra
805 1276 908 1352 fruges
939 1284 1024 1335 tenet
1058 1284 1172 1353 gratas.

177 1380 219 1435 At
249 1376 351 1436 subito
379 1346 524 1434 lilium*
533 1376 697 1435 clamorem
724 1375 818 1434 audit.
871 1377 950 1434 Ecce
980 1375 1037 1434 sub
1063 1376 1172 1436 arbore

173 1495 320 1553 magnum
351 1495 538 1553 saevumque
568 1495 677 1535 canem
707 1476 800 1534 videt
860 1477 984 1534 Frustra
1020 1477 1104 1536 Nero
1138 1483 1172 1535 se

177 1576 265 1648 celat,
286 1595 357 1633 nam
378 1576 465 1635 cauis
490 1578 588 1635 furem
615 1575 710 1635 sentit
736 1575 903 1652 impletque
926 1583 1015 1653 agros
1038 1575 1172 1635 clamore

177 1683 278 1736 rauco.
338 1675 481 1753 Denique
511 1677 569 1736 sub
599 1676 707 1735 arbore
737 1674 818 1734 iacet
846 1684 1067 1752 exspectatque
1100 1695 1172 1753 pue

176 1796 252 1836 rum.

242 1910 390 1976 improbus,
403 1911 556 1967 inhonestus,
568 1908 593 1966 8,
608 1923 628 1957 1.
765 1908 874 1974 aviduS,
886 1923 910 1972 9,
923 1923 946 1973 3.

241 1994 341 2059 vicino,
354 1993 377 2051 8,
392 2006 413 2058 5.
764 1993 870 2056 dextra,
883 1991 907 2051 6,
920 2006 943 2054 7.

241 2079 349 2142 onusta,
363 2076 395 2125 cf.
409 2077 498 2139 plina.
765 2075 832 2140 iam,
845 2089 868 2137 7,
883 2089 905 2123 r.

241 2160 347 2224 cupidi),
360 2159 392 2207 cf.
405 2159 501 2222 cupidi,
513 2172 539 2222 9„
552 2172 586 2217 1..
764 2158 865 2223 subito,
878 2172 901 2219 4,
915 2173 937 2223 3.

242 2245 364 2308 occupat,
375 2256 397 2306 9,
409 2255 429 2307 5.
764 2239 878 2306 frustra,
892 2255 914 2305 q
930 2255 951 2307 5.

394 2468 439 2527 13.
479 2453 944 2524 Omhard-rubbing-continued.

217 2598 279 2668 'Diu
294 2611 325 2666 in
347 2608 409 2667 alta
429 2608 503 2667 sede
523 2616 628 2667 manet
647 2626 732 2684 puer.
778 2609 901 2666 Interea
923 2608 1053 2668 consilia
1074 2611 1171 2670 multa

174 2718 206 2767 et
221 2707 333 2768 callida
353 2707 385 2766 in
406 2708 510 2768 animo
525 2707 628 2767 volvit.
676 2710 817 2768 “Nonne
839 2715 945 2766 custos
968 2728 1079 2768 saevus
1100 2729 1171 2769 mox

174 2808 326 2869 dormiet?
363 2811 476 2868 Nonne
492 2807 592 2884 caligo
608 2807 709 2866 noctis
727 2815 776 2866 me
797 2806 960 2866 liberabit?
973 2809 990 2834 ''
1028 2810 1170 2887 Denique

175 2908 259 2984 quod
274 2909 360 2967 canis
375 2907 563 2985 praesidium
585 2914 646 2966 non
668 2907 821 2983 relinquit,
838 2907 877 2965 de
898 2908 995 2966 salute
1016 2909 1169 2986 desperat.

176 3010 217 3067 At
231 3008 355 3068 fortuna
374 3017 529 3085 captivum
552 3006 644 3066 iuvat.
689 3008 810 3065 Taurus
832 3008 919 3085 niger
940 3028 1045 3085 agrurn
1068 3009 1168 3069 intrat.

176 3107 284 3167 Statim
306 3108 391 3167 videt
412 3127 521 3167 canem
543 3117 574 3166 et
596 3116 684 3166 torva
709 3108 810 3167 fronte
832 3107 989 3168 inimicum
1011 3119 1170 3187 antiquum

173 3208 260 3284 petit.
306 3211 373 3267 Nec
395 3218 529 3286 pugnam
551 3217 674 3266 recusat
699 3208 793 3280 canis,
818 3206 872 3267 sed
900 3210 1045 3269 dentibus
1070 3221 1171 3271 saevis

173 3307 267 3366 modo
292 3316 411 3384 tergum
437 3309 530 3367 modo
555 3308 690 3365 frontem
719 3316 797 3366 tauri
826 3317 933 3368 tentat.
988 3311 1069 3369 Tum
1095 3331 1172 3388 puer

173 3406 369 3467 occasionem
385 3414 448 3468 non
463 3406 687 3485 praetermittit,
702 3415 733 3464 at
744 3425 782 3466 ex
794 3407 902 3466 arbore
917 3407 1020 3465 desilit
1030 3409 1169 3485 petitque

172 3506 286 3585 fugam.
332 3506 508 3567 Adversarii
523 3525 581 3565 nec
594 3507 701 3585 fugam
716 3505 852 3564 sentiunt
863 3524 921 3565 nec
932 3515 1067 3583 pugnam
1083 3505 1169 3564 relin-
