2684 3942
565 311 804 361 ANECDOTES.
1150 308 1183 361 35

187 479 322 539 viateres
336 480 376 537 ad
391 478 519 539 densam
534 479 651 553 silvam,
667 479 769 538 locum
785 479 825 537 ad
840 479 966 539 caedem
982 478 1182 555 aptissimum,

187 578 323 638 veniunt.
377 580 467 637 Firrte
491 588 570 637 imus
592 598 629 638 ex
650 579 820 638 latronibus
846 579 941 637 alterii
966 587 1032 637 erat
1056 577 1182 636 mollior.

190 678 292 737 Huius
312 688 420 754 pectus
439 688 527 756 grata
547 686 606 737 viix
623 678 788 737 liberorum
803 679 957 737 leniverat.
1004 679 1066 736 Hic
1082 677 1181 754 igitur,

189 777 241 836 ubi
257 778 296 836 ad
311 778 411 837 locum
427 778 563 850 veniunt,
580 786 642 837 nin
658 779 750 837 modo
764 778 879 836 factum
895 777 1003 836 abnuit
1017 777 1072 836 sed
1091 776 1183 836 etiam

188 886 244 936 sua
259 887 352 935 manu
367 877 510 936 comitem
525 878 725 937 crudeliorem
741 877 901 936 interfecit.

255 1027 366 1092 incolae,
381 1042 419 1091 34,
433 1042 455 1075 2.
730 1025 733 1029 ’
752 1027 896 1090 Ιδιιῑνοῐαῒ,
909 1026 942 1074 cf.
954 1027 1043 1083 lenem,
1057 1039 1095 1088 agr
1109 1040 1131 1090 3.

254 1111 349 1176 agunt,
362 1110 493 1167 celebrant,
506 1109 529 1168 8,
544 1123 565 1175 5.
754 1107 1001 1161 factum=malum
1007 1110 1119 1170 factum.

254 1193 387 1258 laetitiis,
400 1195 546 1255 voluptatis.
752 1192 860 1257 abnuit,
874 1198 978 1249 recusat,
993 1205 1031 1256 13,
1044 1205 1066 1252 7.

255 1276 371 1342 caedem,
385 1276 424 1342 36,
440 1291 478 1325 10.
753 1274 900 1341 interfecit,
914 1275 954 1340 36,
966 1275 989 1325 8.

338 1457 385 1531 38.
425 1459 487 1515 The
505 1459 596 1515 Bubes
616 1460 647 1514 in
666 1461 717 1515 the
735 1459 1037 1515 Wood-continued

231 1603 335 1662 Liberi
355 1603 466 1680 gladiis
488 1612 518 1662 et
540 1610 647 1662 cruere
669 1569 819 1679 perterriti
845 1602 986 1662 lacrimis
1011 1602 1182 1663 effundunt.

189 1704 295 1762 Victor
309 1713 412 1762 tamen
427 1703 567 1762 timerem
582 1704 696 1762 mulcet
710 1711 825 1779 erisque
841 1703 872 1760 in
888 1702 1061 1762 densic'rrem
1076 1703 1183 1761 silvam

189 1803 281 1863 ducit.
327 1804 448 1875 “Hic''
471 1803 579 1879 inquit,
602 1810 619 1836 “
629 1810 758 1875 manete,
782 1803 855 1861 dum
877 1803 943 1878 ipse
966 1803 1091 1875 absum3
1114 1822 1184 1861 mox

189 1903 277 1962 virbis
299 1903 457 1979 placentis
479 1903 628 1979 lactisque
653 1903 775 1979 cupiam
801 1903 993 1979 reportib6.”
1048 1902 1143 1961 Simul
1165 1911 1184 1961 a

190 2002 258 2062 locri
284 2002 422 2091 discedit.
476 1989 579 2062 Unam
608 2004 715 2062 hiram
745 2003 833 2061 liberi
862 2002 928 2061 sine
956 2002 1065 2061 timere
1093 2002 1184 2061 fleres

190 2102 342 2161 silvestres
358 2102 494 2178 undique
511 2103 687 2178 carpebant.
735 2104 810 2161 Mox
832 2102 915 2178 quod
936 2103 1034 2160 fames
1056 2120 1184 2177 corpora

189 2203 347 2277 premebat
375 2202 505 2260 reditum
534 2202 660 2261 latrinis
689 2202 798 2261 misere
829 2203 1001 2279 cupiebant.
1061 2204 1184 2260 Frustra

189 2311 291 2361 tamen
306 2302 366 2361 hirc
381 2302 452 2360 illuc
470 2312 595 2361 currunt
617 2313 647 2361 et
669 2323 760 2362 omne
782 2323 891 2362 nemus
912 2310 1029 2363 maeste
1051 2304 1184 2362 clamere

190 2390 325 2477 implent,
342 2410 433 2462 nemci
448 2403 528 2461 enim
547 2414 671 2481 questus
692 2413 797 2465 eurum
818 2405 910 2464 audit.
956 2404 1095 2462 Tandem
1110 2404 1184 2462 fessi

190 2512 280 2561 cursil
301 2512 332 2562 et
352 2504 433 2562 farne
456 2505 592 2582 languidi
615 2513 683 2564 sese
706 2506 763 2564 sub
783 2506 889 2564 arbore
908 2504 1052 2563 deiciunt.
1098 2505 1184 2562 Mors

189 2601 323 2679 benigna
345 2603 482 2663 celeriter
504 2605 574 2663 finit
596 2605 716 2665 labrires
737 2625 794 2664 nec
810 2605 916 2665 de'e’rat
930 2604 1028 2663 honor
1043 2603 1183 2680 sepulcri,

189 2721 301 2778 parvae
317 2700 398 2762 enirn
414 2711 486 2762 aves
501 2723 628 2779 corpora
643 2705 805 2764 frondibus
821 2713 934 2764 teneris
952 2711 1099 2762 texerunt.

255 2854 353 2918 eruite,
367 2866 406 2916 31,
419 2866 442 2914 7.
756 2856 807 2906 hirc
820 2855 893 2919 illirc,
909 2868 946 2914 14,
962 2868 998 2902 10.

255 2935 365 2999 mulcet,
381 2949 401 3000 5,
414 2951 437 2996 4.
755 2940 877 3003 questirs,
890 2939 1013 3001 querelas,
1026 2950 1049 2996 4,
1062 2936 1085 2986 6.

255 3018 405 3083 placentis,
418 3020 476 3076 liba,
492 3019 529 3077 16,
542 3019 566 3069 8.
756 3021 856 3085 deerat,
869 3020 938 3068 from
949 3021 1044 3069 disum.

255 3100 381 3166 reditum,
396 3115 434 3163 27,
448 3102 470 3150 6.
754 3106 889 3168 texerunt,
902 3103 971 3151 from
983 3110 1041 3167 tegi.

449 3298 496 3357 39.
537 3285 598 3340 The
616 3285 695 3341 Rata
714 3286 746 3340 in
764 3288 815 3342 the
833 3286 922 3341 Barn.

231 3426 304 3484 Erat
330 3425 402 3485 r'rlim
428 3425 460 3484 in
487 3427 653 3487 Germania
676 3428 755 3486 mala
776 3429 882 3501 fames
907 3427 1015 3486 messis
1041 3426 1123 3485 enim
1148 3432 1185 3485 eci

188 3532 270 3594 anni>
285 3525 386 3594 luerat
400 3525 490 3585 nulla.
537 3528 653 3615 Magna
676 3527 767 3615 igitur
789 3528 878 3586 turba
897 3526 1008 3585 civium
1026 3523 1184 3591 cottidiea
