2684 3942
538 334 776 384 ANECDOTES.

462 536 584 619 Fruor,
603 536 754 621 Fungar,
772 536 850 602 Etc.

206 692 280 755 The
300 693 399 756 verbs
423 703 506 768 titur,
523 696 635 775 fruor,
652 696 792 776 fungor,
811 694 931 776 potior,
957 715 1072 769 vescor,
1099 713 1155 757 are

161 802 244 864 used
257 800 338 863 with
350 801 409 864 the
425 801 568 864 ablative
586 821 662 865 case
680 802 810 865 instead
828 802 863 864 oi
879 803 937 865 the
954 802 1152 867 accusative.

206 976 281 1040 The
297 976 440 1041 ablative
456 977 586 1040 follows
603 977 673 1040 also

243 1135 295 1193 the
311 1134 479 1213 adjectives
493 1136 608 1210 (lignus,
626 1135 751 1214 worthy‚
768 1136 917 1210 indignus,
934 1135 1091 1214 unworthy
1105 1159 1112 1208 ;

245 1244 296 1304 the
311 1244 518 1304 substantives
533 1254 613 1320 opus,
630 1246 719 1318 need,
737 1245 798 1304 aud
813 1255 893 1318 isus,
910 1264 974 1304 use

296 1644 554 1705 ANECDOTES
584 1644 672 1704 FOR
701 1645 1020 1705 TRANSLATION.

508 1817 556 1892 83.
596 1820 693 1877 Dumb
712 1819 808 1875 Shuw.

203 1956 362 2028 Admetus
380 1957 425 2015 vir
440 1975 557 2033 pauper
576 1956 632 2016 sed
654 1957 735 2016 idem
757 1964 820 2016 aeri
842 1955 966 2034 ingeniti
988 1956 1153 2033 praeditus,

160 2056 245 2132 quod
259 2055 334 2114 nihil
350 2055 412 2115 cibi
426 2056 547 2116 duribus
562 2056 672 2115 diebus
689 2065 873 2133 gustaverat,
890 2057 972 2115 lame
987 2056 1154 2133 deperibat.

161 2155 266 2215 Tertii)
282 2165 383 2216 autem
399 2156 448 2215 die
464 2157 536 2216 dum
550 2156 642 2216 aedes
655 2155 834 2233 splendidas
849 2155 1002 2232 praeterit,
1016 2165 1034 2215 ai
1049 2166 1155 2232 portae

160 2257 289 2316 eustdde
304 2254 421 2330 aliquid
436 2255 498 2315 eibi
512 2256 609 2332 petiit.
655 2257 718 2315 Hic
735 2265 837 2315 autem
852 2255 986 2314 hominis
1001 2255 1156 2315 miseritus

160 2354 249 2414 iussit
263 2373 333 2413 eum
349 2355 474 2414 domum
496 2355 615 2432 ingredi
638 2365 731 2432 atque
753 2356 792 2414 ab
814 2355 883 2432 ipsu
905 2354 1030 2414 dominu
1052 2355 1155 2414 cibum

159 2464 273 2531 petere.
319 2454 469 2514 Admetus
484 2455 516 2514 id
531 2455 615 2531 quod
630 2455 812 2531 imperatum
827 2464 875 2514 est
893 2454 968 2514 facit
988 2454 1156 2514 dominum·

160 2574 220 2631 que
243 2554 373 2615 inania
396 2555 556 2614 sedentem
579 2554 705 2614 invenit.
751 2555 813 2628 Qui
837 2554 890 2613 ubi
915 2573 979 2614 rem
1000 2554 1154 2632 cognovit,

162 2654 311 2731 “Agite’'
327 2654 436 2731 iuquit,
455 2662 472 2689 “
484 2663 572 2727 servi,
590 2673 702 2731 aquam
717 2674 809 2730 quam
829 2653 985 2713 celerrime
1006 2654 1154 2714 adferte.’'

161 2754 282 2814 Deinde
297 2754 453 2831 paulisper
469 2763 613 2828 moratus,
631 2764 690 2813 etsi
709 2754 899 2830 apparebant
920 2773 978 2813 uec
999 2763 1078 2813 servi
1098 2772 1155 2813 nec

160 2873 248 2930 aqua,
262 2863 371 2913 manus
386 2854 518 2912 lavantis
533 2863 652 2931 gestum
668 2854 805 2913 imitatus
821 2863 876 2912 est.
922 2854 1081 2926 Admetus
1097 2861 1156 2912 etsi

159 2960 191 3012 re
207 2954 281 3013 satis
298 2953 446 3012 attonitus
461 2962 516 3025 est,
533 2962 635 3012 tamen
658 2953 742 3030 quod
764 2953 862 3013 ndluit
884 2952 1040 3011 dominum
1063 2953 1156 3012 offen·

159 3052 240 3127 dere,
256 3052 339 3113 idem
359 3052 443 3112 iecit.
489 3052 610 3112 Deinde
626 3053 768 3112 dominus
784 3060 889 3112 servus
904 3062 1032 3129 primam
1047 3059 1155 3112 cenam

159 3160 314 3230 appdnere
334 3153 424 3212 iussit
442 3160 475 3213 et
491 3162 647 3230 tamquam
663 3160 752 3212 veras
776 3153 872 3229 dapes
894 3162 924 3212 et
947 3153 1013 3230 ipse
1039 3152 1103 3212 edit
1125 3162 1156 3212 et

157 3253 273 3330 hospiti
287 3252 424 3330 praebet.

224 3384 308 3451 fame,
321 3385 360 3451 38,
374 3386 397 3435 6.
750 3385 897 3451 paulisper,
911 3387 982 3434 breve
993 3392 1096 3447 tempus.

225 3469 340 3534 ingredi,
353 3471 462 3517 intrare.
749 3470 893 3534 appensam,
909 3481 947 3528 14,
959 3467 993 3516 ad
1005 3467 1048 3515 fin.

223 3552 336 3618 iulum,
348 3552 389 3610 82,
401 3552 425 3602 8.
749 3553 844 3617 dapes,
856 3552 952 3615 epulas,
964 3565 988 3614 9,
1001 3564 1021 3598 1.
