2684 3942
500 304 515 317 “
567 325 736 375 mussas.
850 372 855 378 .
1099 328 1147 381 123

149 512 242 571 quarn
266 501 373 552 contra
398 492 534 552 carmina
560 474 689 553 maxime
713 495 813 553 valere
834 494 966 571 dicebat.
1024 497 1146 554 “Hanc

149 595 256 670 cape‚''
272 592 380 670 inquit,
399 599 459 652 “et
473 591 526 651 ubi
542 591 632 651 Circe
647 600 678 651 te
694 593 805 652 baculo
820 592 963 670 tetigerit,
980 602 1022 667 tu,
1039 594 1146 678 stricti>

149 693 261 772 gladio,
292 693 440 770 impeturn
469 692 500 751 in
530 710 599 751 eam
627 692 699 751 vide
728 701 762 751 ut
789 693 917 752 facias.”
963 694 1023 753 His
1054 693 1144 754 dictis

150 792 322 853 Mercurius

414 876 564 925 “Mortales
576 876 648 924 visus
660 875 748 925 medio
760 891 880 924 sermone
892 875 1004 940 reliquit,

281 959 316 1007 Et
326 959 417 1023 procul
429 959 456 1007 in
468 967 574 1008 tenuem
586 974 618 1007 ex
630 959 713 1007 oculis
724 959 830 1008 evanuit
842 960 957 1007 auram.’'

393 1203 456 1263 155.
497 1191 559 1247 The
576 1191 774 1247 Enchantress
793 1190 900 1246 Foiled.

190 1353 280 1411 Brevi
299 1351 475 1411 intermisso
493 1333 603 1428 spatio,
621 1351 731 1410 Ulixes
746 1351 786 1410 ad
801 1351 906 1410 omnia
924 1351 1060 1427 pericula
1075 1352 1145 1411 sub

147 1451 251 1510 eunda
264 1460 391 1528 paratus
403 1451 513 1510 ostium
530 1451 664 1527 pulsavit
673 1460 703 1509 et
714 1451 833 1510 foribus
848 1451 1013 1527 patefactis
1024 1452 1064 1510 ab
1076 1451 1144 1528 ipsa

149 1551 238 1610 Circe
260 1551 394 1627 benigne
417 1560 563 1627 exceptus
586 1559 643 1609 est.
689 1550 802 1609 Omnia
817 1551 927 1609 eodem
942 1551 1036 1610 modo
1051 1561 1144 1628 atque

148 1659 240 1711 antea
262 1650 346 1709 facta
370 1659 451 1709 sunt.
496 1651 614 1709 Cinam
638 1649 800 1724 magnifice
819 1658 999 1709 instructam
1014 1650 1091 1710 vidit
1113 1660 1144 1709 et

147 1750 329 1809 accumbere
352 1749 453 1809 iussus
469 1758 525 1808 est.
571 1751 655 1821 Mox,
672 1750 725 1808 ubi
743 1749 841 1808 fames
856 1750 926 1808 cibo
942 1750 1071 1826 depulsa
1086 1759 1142 1823 est,

148 1849 237 1910 Circe
258 1849 402 1927 poculum
425 1868 549 1909 aureum
571 1856 644 1908 vino
665 1849 816 1925 repletum
831 1849 917 1908 Ulixi
937 1849 1031 1909 dedit.
1077 1850 1142 1923 Ille,

119 1950 123 1961 '
145 1958 204 2009 etsi
223 1948 398 2026 suspicatus
420 1959 468 2008 est
490 1955 643 2008 venenum
665 1948 726 2008 sibi
747 1957 889 2026 paratum
904 1967 982 2020 esse,
999 1949 1143 2026 poculum

146 2049 303 2108 exhausit:
326 2056 388 2126 quo
409 2049 502 2120 iacto,
521 2048 619 2120 Circe,
641 2057 806 2125 postquam
830 2058 922 2125 caput
943 2049 1010 2108 eius
1032 2049 1144 2109 baculi>

146 2148 255 2226 tetigit,
271 2169 309 2207 ea
330 2150 425 2209 verba
448 2148 550 2208 locirta
570 2157 618 2207 est
640 2132 754 2224 quibus
779 2148 882 2207 socios
906 2148 972 2207 eius
996 2158 1088 2209 antea
1112 2149 1143 2207 in

146 2256 256 2325 porcos
282 2240 484 2308 converterat.
545 2250 608 2307 Res
637 2258 741 2307 tamen
771 2255 898 2308 omnino
927 2248 1014 2307 aliter
1043 2249 1144 2308 evenit

146 2357 237 2425 atque
260 2348 312 2406 illa
334 2355 516 2426 speraverat.
561 2349 664 2406 Tanta
685 2348 767 2407 enim
787 2358 834 2407 vis
856 2357 921 2407 erat
941 2348 1006 2407 eius
1029 2349 1143 2407 herbae

147 2467 238 2525 quam
255 2448 383 2508 dederat
399 2448 579 2521 Mercurius,
597 2457 631 2506 ut
646 2467 747 2524 neque
762 2455 916 2508 venenum
932 2467 1033 2524 neque
1049 2449 1143 2508 verba

147 2548 315 2626 quidquam
335 2548 455 2608 efficere
475 2557 613 2625 possent.
659 2547 768 2607 Ulixes
784 2557 896 2617 autern,
913 2557 992 2607 sicut
1011 2548 1143 2608 iusserat

147 2647 328 2721 Mercurius,
344 2647 449 2726 gladio
464 2647 570 2720 stricto
586 2647 734 2723 impetum
749 2647 780 2705 in
796 2666 864 2707 earn
879 2647 954 2707 fecit
968 2657 999 2706 et
1013 2658 1143 2707 mortem

146 2747 353 2807 minitabatur.
398 2750 478 2805 Tum
491 2747 589 2820 Circe,
603 2766 672 2806 curn
688 2747 839 2807 sensisset
854 2758 951 2806 artem
966 2767 1053 2807 suam
1066 2748 1142 2806 nihil

146 2847 256 2920 valere,
284 2848 387 2906 multis
416 2866 485 2906 curn
515 2847 648 2906 lacrimis
677 2866 747 2906 eum
777 2848 940 2908 obsecrare
970 2848 1080 2925 coepit,
1104 2856 1143 2908 ne

145 2955 240 3006 vitam
262 2946 419 3006 adimeret.

408 3143 472 3217 156.
512 3145 586 3216 Pige
605 3145 738 3216 changed
756 3152 788 3201 to
806 3145 885 3201 Men.

187 3306 295 3367 Ulixes
318 3316 420 3367 autern
440 3306 493 3365 ubi
514 3305 611 3366 sensit
635 3325 704 3366 eam
723 3306 832 3365 timore
855 3307 1047 3383 perterritam
1062 3325 1140 3380 esse,

144 3408 312 3484 postulavit
327 3417 361 3465 ut
376 3406 478 3466 socios
495 3406 561 3465 sine
577 3414 663 3465 morai
679 3406 891 3466 inhumanam
907 3407 1041 3483 speciem
1057 3407 1142 3465 redii-

144 3516 236 3579 ceret,
263 3506 374 3566 certior
399 3506 482 3566 enim
507 3508 609 3565 tactus
635 3516 701 3566 erat
725 3515 744 3565 ai
770 3507 830 3566 deo
857 3506 1012 3565 Mercurio
1034 3513 1088 3564 eos
1110 3505 1142 3561 in

143 3613 253 3683 porcos
275 3613 442 3666 conversos
465 3625 551 3665 esse:
573 3605 633 3665 nisi
656 3605 689 3665 id
710 3606 826 3665 factum
847 3615 937 3677 esset,
955 3602 1091 3663 ostendit
1108 3609 1141 3661 se
