2684 3942
578 311 818 360 ANECDOTES.
1164 310 1196 361 83

201 486 348 553 pinquam
371 476 463 537 facile
481 477 643 536 discendit
656 486 857 555 gemmisque
878 484 991 554 magno
1011 477 1111 554 pretio
1128 484 1198 537 ven·

196 575 288 636 didit.

264 712 393 776 vagitus,
399 717 551 773 pererrans.
723 710 1135 773 imivalle=imdpartevollin

266 793 453 860 interclusam,
465 795 658 843 circumdatam.
723 807 841 859 earnem,
853 793 921 842 from
933 799 998 842 coro.

508 988 556 1048 95.
584 977 646 1032 The
665 976 783 1033 Giant’s
802 976 884 1032 cave.

239 1089 329 1162 idem
346 1103 441 1163 Sinon
458 1111 496 1162 ne
512 1104 560 1162 his
576 1103 701 1179 quidem
720 1103 836 1162 divitiis
856 1112 1020 1161 contentus
1036 1090 1195 1162 Oceanum

198 1202 307 1262 iterum
322 1212 441 1262 tentare
461 1203 642 1276 constituit3
665 1203 757 1263 celeri
779 1202 870 1280 igitur
892 1211 971 1262 nive
995 1222 1064 1260 cum
1088 1213 1195 1279 paucis

198 1302 291 1362 sociis
312 1311 418 1362 vectus
442 1313 542 1363 ventis
566 1305 704 1363 adversis
728 1304 768 1362 ad
791 1313 903 1363 terram
927 1311 1063 1380 ignotam
1086 1304 1194 1380 pulsus

198 1412 255 1476 est,
277 1422 370 1479 quam
389 1403 567 1463 incolebant
589 1404 731 1463 homines
754 1404 878 1462 barbari
902 1403 1029 1462 advenis
1053 1403 1194 1463 inimicis-

198 1501 275 1562 simi.
321 1504 366 1562 Hi
391 1504 515 1580 scaphis
545 1512 654 1564 navem
684 1513 823 1581 aggressi
853 1503 999 1562 Sinonem
1031 1504 1193 1580 sociosque

197 1603 351 1662 duxerunt
380 1603 419 1662 ad
450 1623 538 1663 suum
567 1610 679 1681 regern,
709 1603 866 1681 gigantem
896 1603 1060 1662 immanem
1090 1605 1194 1680 specie

197 1702 344 1776 horribili,
362 1712 415 1780 qui
431 1713 524 1763 imum
537 1704 628 1763 modo
640 1703 763 1763 oculum
778 1704 809 1761 in
826 1703 928 1762 media
941 1704 1042 1762 fronte
1058 1704 1193 1780 positum

196 1802 340 1862 habebat.
387 1806 455 1863 Rex
477 1813 642 1880 postquam
666 1812 805 1881 captivos
828 1811 936 1863 omnes
960 1814 1052 1862 manu
1075 1804 1194 1880 ingenti

196 1911 390 1977 tractaverat,
418 1923 456 1962 ex
484 1903 531 1977 iis,
563 1923 653 1980 quem
680 1903 915 1981 pinguissimum
941 1903 1094 1975 iudicavit,
1122 1913 1192 1981 igne

196 2011 311 2062 tostum
327 2003 493 2063 devoravit.
536 2006 638 2063 Ceteri
653 2013 765 2076 tamen,
784 2004 867 2081 quod
883 2004 1004 2063 incaute
1019 2013 1038 2063 i
1053 2004 1192 2063 barbaris

195 2102 457 2176 custodiebantur,
475 2103 584 2163 eodem
599 2112 879 2181 veri1‚quoeomes
900 2104 1005 2162 infelix
1025 2104 1192 2163 transfixus

196 2212 270 2276 erat,
297 2204 419 2262 oculum
444 2203 579 2281 gigantis
603 2204 783 2263 dormientis
807 2204 1039 2264 transfoderunt
1062 2213 1092 2263 et
1115 2205 1192 2264 velis

195 2309 349 2379 remisque
364 2311 383 2362 a
398 2312 479 2362 terri
495 2303 675 2381 inhospitali
691 2305 843 2381 ingerunt.

261 2452 352 2518 sociIs,
365 2454 501 2502 comitibus.
670 2455 760 2506 medii
770 2453 869 2519 fronte,
880 2454 912 2503 cf.
923 2455 1009 2503 medii
1016 2453 1142 2516 nocte,87‚
1153 2468 1191 2504 11.

261 2536 382 2602 scaphis,
398 2550 436 2602 51,
449 2537 472 2587 6.
669 2539 783 2603 tostum,
796 2552 836 2602 92,
849 2537 884 2587 ad
891 2532 940 2587 fin.

469 2701 517 2772 96.
544 2703 606 2759 The
625 2702 723 2776 Royal
743 2703 907 2773 sepulchre.

237 2828 334 2887 Haud
349 2828 392 2888 ita
407 2830 504 2889 multo
519 2839 591 2906 post
606 2831 758 2890 secundis*
767 2839 868 2889 ventis
885 2830 981 2890 Sinon
998 2830 1135 2907 sociique
1151 2831 1191 2890 ad

194 2928 326 2986 insulam
341 2928 473 3016 fertilem
488 2938 520 2988 et
535 2938 669 3006 opimam
681 2937 762 2989 vecti
778 2939 857 2989 sunt.
900 2931 971 3004 Quo
986 2930 1017 2989 in
1033 2932 1102 2991 loco
1117 2932 1190 2991 dum

195 3027 291 3112 Sinon
308 3028 411 3089 studio
426 3029 547 3106 frugum
563 3030 786 3106 carpendirum
804 3029 959 3107 longiusa
978 3040 1051 3090 navi
1066 3042 1154 3104 errat,
1171 3040 1191 3091 ai

193 3127 287 3187 sociis
303 3128 481 3188 infidelibus
501 3130 623 3189 relictus
645 3139 702 3189 est.
748 3132 815 3189 Rex
835 3139 939 3189 tamen
959 3131 1049 3191 hirius
1072 3132 1189 3191 insulae

193 3226 347 3304 hospitem
366 3228 501 3305 benigni
522 3229 641 3306 accepit
663 3249 813 3306 suamque
832 3230 938 3303 filiam,
956 3230 1104 3308 virginem
1126 3233 1191 3308 pul·

193 3326 383 3401 cherrimarn,
409 3337 438 3386 ei
457 3328 489 3387 in
510 3329 738 3389 matrimonium
763 3329 857 3390 dedit.
903 3331 940 3390 Id
960 3339 1063 3389 tamen
1088 3331 1190 3389 minus

192 3537 249 3591 est.
294 3528 374 3591 Turn
390 3536 481 3604 cives,
499 3531 583 3608 quod
599 3531 675 3591 diua
690 3531 757 3609 lege
772 3531 854 3592 viros
874 3540 935 3590 ima
954 3550 1022 3589 cum
1043 3528 1188 3588 uxoribus
