2684 3942
569 303 809 352 ANECDOTES.

513 567 561 621 41.
601 552 663 608 The
681 552 752 607 Pied
770 552 867 621 Piper.

211 693 439 785 ¹Hamelinam‚
465 714 570 772 urbem
597 712 842 789 pulcherrimam,
867 713 999 772 vexabat
1024 713 1096 773 elim
1123 714 1189 773 dira

191 814 307 891 pestis;
329 812 458 871 murium
481 811 561 871 enim
585 811 816 871 innumerabilis
837 811 999 871 multitude
1017 820 1080 872 nen
1098 815 1189 874 modo

191 913 294 973 omnia
309 913 485 984 devorabat,
502 911 663 971 sedetiam
680 912 822 984 infantie,
839 911 912 969 dum
928 913 1029 971 iacent
1046 913 1078 971 in
1093 923 1189 988 cunis,

191 1013 398 1090 oppugnabat.
444 1012 568 1071 Incolae
583 1011 687 1070 omnia
701 1010 830 1070 cbnsilia
850 1013 963 1073 frustra
980 1022 1189 1086 tentiverann

192 1113 325 1188 denique
340 1120 485 1189 magnum
498 1112 619 1188 pondus
632 1119 750 1188 argenti
763 1118 947 1189 prbpbnunt,
965 1121 1059 1173 tritius
1069 1113 1190 1191 generis

192 1212 265 1272 exiti
280 1212 418 1288 pretium.
466 1213 537 1271 Hbc
552 1211 620 1286 ipsi>
636 1220 773 1288 ternpore
789 1211 834 1271 vir
852 1221 934 1288 picti
954 1223 1038 1273 veste
1061 1213 1191 1291 insignis

165 1381 167 1387 Α
192 1312 317 1372 intrivit
352 1313 458 1371 urbem
494 1311 692 1386 laberemque
729 1311 865 1388 suscipit.
933 1313 1041 1372 Statim
1079 1321 1191 1391 magna

192 1422 315 1472 caterva
330 1431 399 1472 eum
416 1412 455 1470 ad
469 1412 569 1470 forum
585 1413 717 1473 deducit.
757 1416 829 1473 Huc
848 1413 900 1473 ubi
913 1413 1051 1490 pervenit
1062 1414 1189 1486 advena,

193 1533 230 1574 ex
252 1513 321 1573 sinu
341 1513 448 1572 tibiam
471 1533 596 1589 parvam
616 1514 750 1573 detrahit
769 1521 945 1590 paucasque
965 1513 1073 1573 rnodbs
1091 1513 1186 1590 fingit.

193 1612 254 1671 Vix
275 1614 307 1672 id
329 1633 452 1674 carmen
474 1622 656 1686 cessaverat,
677 1614 729 1673 ubi
752 1622 860 1672 mirum
882 1612 1055 1691 predigium
1077 1613 1187 1684 evenit

194 1714 330 1789 undique
341 1715 423 1774 enirn
436 1715 475 1773 ad
487 1733 595 1774 sonum
607 1714 725 1791 ingenti
736 1714 867 1773 tumultu
878 1720 979 1772 mures
994 1723 1188 1772 concurrunt.
1206 1751 1211 1758 ·

195 1816 297 1874 Primi>
312 1814 493 1887 censistunt,
510 1814 622 1873 deinde
638 1820 753 1886 omnes,
768 1814 837 1885 albi,
851 1813 937 1891 nigri,
951 1820 1049 1885 seneS,
1063 1813 1189 1872 iuvenes

194 1914 234 1973 ad
248 1914 357 1973 modus
372 1913 465 1973 tibiae
481 1914 601 1974 saltant.
647 1916 805 1973 Postremi)
821 1920 882 1973 inb
897 1913 1012 1990 impetu
1027 1913 1058 1971 in
1076 1913 1189 1973 flumen

194 2020 394 2090 ecbnspectir
412 2013 565 2073 desiliunt.

218 2172 223 2181 “
261 2164 347 2229 cinis,
361 2178 400 2228 31,
414 2164 436 2213 6.
728 2163 819 2228 fingit,
835 2162 873 2221 26,
889 2177 909 2212 1.

260 2247 373 2312 pondus,
389 2246 427 2311 36,
440 2261 463 2310 9.
727 2247 891 2311 priimum,
898 2254 1052 2309 portentum,
1059 2261 1099 2307 40,
1108 2247 1131 2296 6.

261 2330 387 2395 pretium,
402 2330 441 2394 36,
456 2344 493 2379 10.
728 2330 890 2389 cinsistunt,
905 2344 944 2395 30,
957 2344 979 2394 9.

261 2414 386 2478 insignis,
402 2413 441 2471 28,
456 2427 476 2479 5.
728 2406 841 2478 impeti,
856 2428 895 2478 34,
909 2428 930 2461 2.

329 2720 332 2724 ,
408 2659 456 2714 42.
496 2645 557 2700 The
576 2644 647 2701 Pieri
665 2645 763 2714 Piper.
776 2645 980 2699 —continueai

238 2824 340 2881 Primb
362 2829 445 2882 cives
467 2841 529 2881 rem
550 2822 601 2881 vix
621 2822 768 2893 credunt3
792 2821 904 2881 deinde
923 2821 1058 2881 laetitiae
1076 2822 1193 2900 ingenti

197 2929 229 2982 se
246 2921 371 2981 dedunt.
410 2925 537 2998 Iamque
552 2922 667 2986 tibicen
684 2930 730 2980 sui
742 2920 856 2997 laberis
868 2921 1037 2997 praemium
1050 2922 1191 2997 postulat.

196 3024 239 3080 At
260 3029 343 3081 cives
365 3021 426 3080 iam
448 3022 575 3097 periculi
602 3028 743 3098 expertes
771 3021 864 3079 fidem
892 3021 1003 3098 ingrati
1031 3021 1146 3080 violant
1167 3032 1198 3082 et

196 3130 339 3199 magnam
360 3131 477 3198 partem
501 3130 619 3198 argenti
641 3120 782 3180 retinent.
836 3123 945 3197 Itaque
968 3129 1063 3181 iratus
1089 3122 1197 3181 iterum

197 3221 303 3280 tibiam
319 3221 443 3298 corripit
458 3221 647 3297 alterumque
662 3239 786 3280 carmen
801 3219 901 3296 pribre
914 3221 1070 3297 pulchrius
1086 3221 1196 3280 fundit.

198 3321 342 3381 Prbtinus
357 3341 395 3395 ex
410 3320 554 3380 omnibus
569 3319 711 3380 domibus
727 3328 838 3397 magna
853 3328 1018 3397 puerbrum
1033 3320 1195 3398 virginum-

198 3439 258 3497 que
277 3430 399 3481 caterva
414 3421 512 3480 virum
532 3420 636 3499 cingit.
683 3420 760 3479 Inde
783 3420 907 3493 tibicen,
924 3420 996 3478 dum
1018 3419 1063 3477 illi
1085 3419 1195 3477 chortis

197 3520 383 3582 laetissimtis
399 3530 502 3598 agunt,
519 3527 626 3579 omnes
642 3519 681 3578 ad
696 3527 901 3595 propinquum
914 3526 1048 3576 montem
1061 3515 1193 3574 dedicit.
