2684 3942
137 322 184 373 114
549 322 594 372 UL
602 322 717 370 l'SSES.

135 490 278 549 omnibus
290 499 342 566 qui
358 490 388 547 in
405 498 476 549 navi
492 490 590 549 relicti
606 498 678 548 sunt
693 489 734 548 ad
748 490 850 548 locum
861 488 961 561 venit,
984 499 1015 549 et
1027 489 1129 549 socios

135 598 208 650 suos
233 591 345 649 frustra
373 591 511 649 hortatus
537 600 571 649 ut
599 597 709 666 sponte
736 597 792 648 sua
818 589 961 661 redirent,
987 590 1129 649 manibus

135 698 239 750 eorum
265 701 336 767 post
361 700 446 766 terga
471 690 591 761 vinctiS,
618 689 732 748 invitos
756 690 796 748 ad
820 698 929 748 navem
953 689 1127 765 reportavit.

135 791 214 848 Tum
230 800 350 850 ancoris
366 790 496 849 sublatis
512 808 603 866 quam
619 788 775 848 celerrime
791 795 807 848 ἐ
823 797 912 866 portu
928 787 1027 848 solvit.

406 1020 469 1075 141.
509 1005 570 1061 The
589 1004 743 1077 One-Eyed
761 1004 860 1061 Giant.

178 1149 329 1208 Postridie
345 1149 411 1208 eius
426 1149 487 1207 diei
510 1157 674 1225 postquam
690 1155 786 1206 totam
810 1157 932 1208 noctem
952 1156 1043 1209 remis
1059 1169 1128 1210 con-

134 1249 306 1320 tenderant,
331 1249 370 1307 ad
393 1259 503 1307 terram
525 1256 660 1325 ignotam
685 1256 794 1307 navem
817 1250 1021 1325 appulerunt:
1051 1260 1125 1321 tum,

135 1349 218 1424 quod
243 1357 382 1408 naturam
406 1348 472 1407 eius
496 1347 630 1424 regionis
651 1348 821 1424 ignorabat,
838 1348 904 1424 ipse
927 1349 1035 1408 Ulixes
1058 1368 1126 1408 cum

135 1448 297 1508 duodecim
324 1455 340 1506 e
365 1448 457 1506 sociis
481 1447 512 1505 in
539 1458 650 1505 terram
676 1454 819 1524 egressus
842 1449 942 1506 locum
969 1450 1127 1524 explorare

135 1548 303 1607 cunstituit.
349 1548 477 1606 Paulum
498 1556 517 1606 a
540 1548 627 1606 litore
650 1554 804 1623 progressi
819 1549 859 1607 ad
881 1558 1002 1606 antrum
1017 1549 1127 1626 ingens

135 1654 347 1724 pervenerunt,
372 1649 455 1723 quod
480 1646 612 1706 habitari
636 1654 818 1706 senserunt:
848 1647 914 1706 eius
935 1648 1016 1707 enim
1037 1648 1127 1707 intro

135 1748 210 1806 itum
236 1757 300 1806 arte
326 1757 356 1806 et
384 1747 527 1805 manibus
556 1756 707 1805 munitum
736 1765 805 1806 esse
835 1747 1125 1808 animadverterunt.

136 1850 218 1920 Mox,
236 1856 294 1906 etsi
316 1847 536 1923 intellegebant
558 1854 591 1905 se
613 1854 677 1906 non
693 1847 759 1905 sine
781 1849 917 1923 periculo
933 1848 965 1906 id
981 1849 1125 1921 facturos,

135 1957 254 2006 antrum
270 1946 478 2007 intraverunt:
501 1947 666 2023 quodcum
680 1946 837 2018 fecissent,
851 1956 992 2024 magnam
1006 1948 1127 2025 copiam

134 2047 223 2106 lactis
246 2047 429 2107 invenerunt
452 2048 481 2105 in
512 2056 595 2107 vasis
625 2047 803 2125 ingentibus
833 2048 999 2108 conditam.
1044 2051 1126 2108 Dum

133 2158 237 2207 tamen
260 2156 407 2206 mirantur
422 2147 491 2224 quis
507 2167 574 2207 eam
590 2148 696 2206 sedem
717 2148 871 2219 incoleret,
889 2148 1022 2207 sonitum
1045 2149 1126 2209 terri·

134 2247 431 2307 bilemaudiverunt
453 2258 484 2307 et
505 2248 602 2307 oculis
625 2248 665 2306 ad
691 2258 809 2324 portam
838 2257 935 2307 versis
957 2256 1126 2309 monstrum

134 2346 278 2406 horribile
301 2348 451 2419 viderunt,
468 2347 603 2407 humana
626 2347 749 2423 quidem
773 2348 876 2424 specie
898 2358 929 2407 et
950 2349 1054 2426 figura,
1071 2351 1127 2408 sed

134 2447 250 2523 ingenti
277 2447 487 2523 magnitudine
514 2447 659 2522 corporis.
707 2450 784 2507 Cum
812 2458 912 2507 autem
940 2449 1126 2507 animadver-

133 2546 244 2606 tissent
263 2546 419 2623 gigantem
442 2557 535 2605 unum
558 2557 677 2606 tantum
699 2548 820 2606 oculum
842 2548 956 2606 habere
975 2548 1006 2606 in
1026 2549 1128 2608 media

132 2647 234 2706 fronte
256 2648 397 2723 positum,
415 2646 630 2706 intellexerunt
651 2648 735 2705 hunc
757 2666 826 2706 esse
847 2657 940 2706 unum
956 2654 973 2706 ἐ
989 2648 1140 2726 Cyclopis

133 2746 201 2818 bus
218 2747 256 2806 de
279 2745 391 2823 quibus
412 2747 526 2805 famam
549 2746 610 2805 iam
633 2755 824 2823 acceperant.

409 2976 472 3033 142.
513 2962 574 3019 The
592 2963 710 3019 Giant’s
730 2962 851 3033 supper.
884 2948 889 2958 ’

176 3106 329 3183 Cyclopes
354 3115 455 3164 autem
482 3113 623 3181 pastores
649 3116 737 3165 erant
762 3107 896 3182 quidam,
920 3116 973 3183 qui
996 3107 1126 3166 insulam

135 3203 270 3262 Siciliam
294 3214 324 3263 et
348 3205 512 3281 praecipue
538 3217 675 3264 montem
700 3209 832 3264 Aetnam
858 3205 1053 3265 incolebant:
1084 3206 1128 3264 ibi

133 3303 214 3362 enim
231 3303 397 3376 Volcanus,
415 3323 540 3378 praeses
560 3306 717 3365 fabrorum
732 3315 763 3365 et
778 3306 858 3382 ignis
878 3316 1023 3382 repertor,
1041 3304 1128 3365 cuius

134 3410 214 3460 servi
231 3402 383 3478 Cyclopes
398 3413 494 3474 erant,
511 3405 662 3463 officinam
679 3424 766 3463 suam
781 3406 924 3465 habebat.

176 3500 287 3558 Graeci
316 3500 415 3576 igitur,
446 3501 537 3561 simul
565 3512 602 3562 ac
631 3511 801 3563 monstrum
830 3506 981 3578 viderunt,
1012 3512 1127 3565 terrore

134 3614 233 3673 paene
249 3598 413 3659 exanimati
437 3600 468 3657 in
491 3600 667 3687 interiorem
692 3612 809 3679 partem
830 3605 997 3685 speluncae
1012 3605 1128 3693 refuge-
