2684 3942
609 332 655 382 UL
663 333 777 382 YSSES.

490 613 554 671 139.
594 599 655 655 The
674 599 765 655 Lotus
783 599 897 655 Eaters.

240 747 407 820 Postquam
426 754 530 802 tamen
553 763 651 819 pauca
666 743 762 801 millia
780 762 926 818 passuum
942 752 960 802 a
976 743 1063 802 litore
1079 742 1191 802 Tri'iiae

197 852 351 920 progressi
366 854 445 917 sunt,
463 853 550 902 tanta
565 853 734 920 tempestas
751 844 852 902 subite
868 846 974 902 coiirta
988 852 1044 914 est,
1062 853 1094 902 ut
1108 843 1192 901 niilla

198 944 321 1003 nivium
345 963 466 1002 cursum
492 951 596 1002 tenere
620 953 735 1020 posset,
756 945 812 1002 sed
837 943 915 1001 aliae
939 943 1015 1001 alias
1039 943 1070 1000 in
1088 950 1191 1019 partes

198 1044 407 1103 disicerentur.
453 1039 550 1103 Navis
573 1053 684 1117 autem,
709 1052 770 1119 qua
793 1043 859 1119 ipse
882 1041 990 1101 Ulixes
1013 1042 1190 1115 vehebatur,

198 1152 228 1201 vi
251 1143 444 1219 tempestatis
469 1144 509 1202 ad
529 1144 688 1202 meridiem
712 1142 823 1214 delata,
841 1142 961 1201 decime
982 1141 1032 1200 die
1057 1142 1096 1199 ad
1119 1141 1191 1201 litus

199 1243 314 1321 Libyae
338 1245 467 1319 appulsa
496 1253 552 1302 est
604 1245 736 1301 Ancoris
766 1242 863 1313 iactis,
895 1241 1002 1300 Ulixes
1032 1241 1191 1301 cbnstituit

199 1343 363 1402 minmilles
387 1350 403 1400 e
427 1343 519 1401 sociis
549 1344 580 1401 in
611 1353 722 1401 terram
748 1349 910 1418 expc'mere,
935 1350 988 1418 qui
1011 1360 1122 1418 aquam
1152 1342 1192 1400 ad

198 1452 307 1501 navem
322 1443 471 1501 referrent
487 1453 517 1501 et
538 1443 638 1519 qualis
656 1452 740 1501 esset
763 1451 873 1501 natira
887 1442 953 1500 eius
971 1441 1106 1518 regismis
1123 1448 1191 1516 ctig-

198 1550 393 1601 noscerent·
430 1544 473 1601 Hi
499 1542 591 1620 igitur
619 1549 635 1601 ἑ
666 1551 737 1601 navi
766 1549 883 1619 egressi
912 1541 1062 1619 imperata
1089 1541 1191 1599 iacere

198 1644 356 1717 parabant.
402 1644 484 1700 Dum
506 1652 610 1701 tamen
632 1644 751 1701 iontem
770 1652 930 1718 quaerunt,
947 1641 1132 1718 quibusdam
1154 1660 1192 1699 ex

197 1742 307 1801 incolis
322 1742 445 1802 obviam
459 1743 534 1801 iacti
549 1744 589 1801 ab
605 1743 642 1801 iis
657 1741 793 1820 hospitii>
808 1750 926 1818 accepti
942 1750 1022 1800 sunt.
1067 1740 1192 1800 Accidit

198 1851 298 1900 autem
323 1852 356 1900 ut
377 1850 475 1901 victus
498 1850 603 1901 ebrum
625 1842 783 1901 hominum
802 1848 819 1900 e
839 1849 915 1901 mire
934 1841 1069 1918 quedam
1090 1841 1192 1900 iriictii

198 1961 288 2017 quem
304 1943 400 2001 letum
415 1942 612 2018 appellabant
626 1961 726 2018 paene
740 1949 867 2000 omnini)
882 1948 1046 2000 cimstairet.
1090 1941 1191 2014 Quem

197 2060 266 2099 cum
281 2042 394 2100 Graeci
416 2050 602 2118 gustassent,
619 2041 737 2117 patriae
760 2050 790 2100 et
812 2040 965 2100 socierum
986 2039 1090 2099 statim
1105 2040 1193 2099 obliti

197 2148 230 2199 se
253 2142 513 2200 esmiirmiverunt
534 2160 655 2217 semper
677 2141 708 2198 in
729 2149 767 2199 ea
785 2149 866 2199 terrai
883 2146 1044 2200 mansiirt'is
1059 2148 1094 2199 ut
1108 2140 1191 2199 dulci

197 2239 249 2316 ille
265 2239 336 2300 cibe
351 2239 382 2298 in
398 2249 556 2299 aeternum
572 2249 777 2299 vescerentur.

385 2487 449 2543 140.
489 2472 550 2528 The
568 2472 658 2528 Lotus
678 2473 782 2529 Eaters
794 2505 833 2514 —
845 2472 1003 2526 continued.

239 2618 281 2674 At
304 2615 421 2687 Ulixes,
439 2634 509 2674 cum
530 2615 569 2674 ab
593 2616 668 2674 hira
689 2614 820 2692 septima
836 2615 876 2673 ad
890 2632 1053 2691 vesperum
1068 2632 1191 2691 exspec-

196 2723 302 2787 tasset,
333 2715 447 2773 veritus
477 2722 515 2773 ne
548 2714 625 2773 socii
660 2724 708 2773 sui
744 2715 775 2773 in
812 2716 949 2791 periculi>
985 2722 1187 2786 versarentur,

196 2815 361 2874 ninniillfis
384 2821 401 2872 e
425 2814 550 2890 reliquis
574 2815 666 2887 misit,
683 2824 726 2887 ut,
752 2833 832 2890 quae
856 2833 949 2873 causa
971 2824 1054 2872 esset
1076 2832 1188 2886 morae,

196 2922 427 2991 eligniiscerent.
474 2916 517 2972 Hi
543 2914 635 2992 igitur
663 2915 695 2972 in
719 2925 831 2973 terram
855 2913 995 2992 expositi,
1022 2914 1061 2972 ad
1090 2922 1209 2972 vicum¹
1296 2920 1299 2926 '

195 3023 248 3090 qui
271 3021 334 3073 nim
352 3015 442 3090 longe
460 3013 538 3073 eluit
558 3021 591 3073 se
610 3015 822 3073 contulerunt:
854 3021 916 3090 qui)
936 3032 1005 3072 cum
1022 3012 1189 3085 venissent,

195 3113 296 3173 sociiis
309 3121 382 3173 sutis
394 3114 482 3190 quasi
492 3121 564 3173 vini>
573 3113 675 3173 ebriis
686 3120 886 3191 reppererunt
897 3137 913 3172 ;,
925 3123 989 3172 tum
1001 3113 1054 3172 ubi
1066 3132 1190 3172 causam

195 3213 340 3273 veniendi
363 3213 544 3285 docuerunt,
562 3213 599 3272 iis
619 3213 804 3291 persuadere
820 3214 1019 3286 conabantur,
1036 3222 1069 3271 ut
1085 3220 1190 3271 secum

195 3314 235 3372 ad
258 3322 369 3372 nivem
391 3313 533 3372 redirent.
580 3313 628 3370 Illi
649 3322 753 3371 tamen
774 3312 917 3372 resistere
933 3322 970 3372 ae
985 3321 1077 3370 manii
1092 3319 1125 3370 se
1141 3312 1191 3370 de·

194 3414 322 3473 iendere
345 3420 521 3489 coeperunt,
538 3431 630 3489 saepe
652 3412 846 3474 clamitantes
869 3420 901 3472 se
924 3431 1081 3488 nunquam
1100 3430 1137 3469 ex
1152 3418 1190 3470 ei>

194 3514 262 3572 loce
278 3511 424 3571 abitinis.
469 3512 559 3586 Quae
575 3530 643 3570 cum
662 3511 706 3569 ita
729 3521 841 3585 essent,
858 3512 957 3570 niintii
972 3519 1004 3570 re
1020 3510 1134 3568 infecta·
1150 3509 1190 3567 ad

195 3611 319 3672 Ulixem
341 3611 504 3672 redierunt.
552 3612 612 3670 His
633 3611 725 3671 rebus
748 3611 888 3691 cignitis,
907 3610 1015 3677 Ulixes
1033 3608 1099 3686 ipse
1119 3626 1189 3668 cum
