2684 3942
593 281 831 331 ANECDOTES.

339 524 340 531 ’
433 529 481 586 9⁰·
521 516 634 586 Caught
653 516 694 589 by
712 517 762 571 the
780 514 917 571 Robbers.

258 680 354 739 Balbo
369 688 435 739 erat
451 679 547 738 frater
569 676 693 737 nomine
717 676 820 748 Caius,
838 676 883 735 vir
905 675 991 735 dives
1014 677 1069 735 sed
1092 686 1208 737 avarus.

216 782 279 839 Hic
301 780 339 839 de
360 781 483 839 fortuna
507 777 594 836 Balbi
608 796 663 854 per
685 784 811 836 uxorem
833 776 943 835 certior
964 778 1065 836 faetus
1086 778 1211 836 fratrem

214 899 337 939 carmen
367 879 452 952 illud,
476 885 538 954 quo
569 887 688 935 antrum
719 884 829 953 aperiri
858 885 985 953 poterat,
1017 876 1090 936 diris
1120 878 1211 938 minis

215 981 369 1057 divolgare
393 979 501 1056 coegit.
549 980 660 1055 Itaque
687 995 756 1036 cum
785 976 883 1034 tribus
913 976 1008 1035 asinis
1038 976 1077 1035 ad
1105 988 1211 1056 rupem

214 1082 370 1157 profectus
385 1082 548 1155 verbisque
566 1078 694 1156 magicis
712 1087 785 1137 usus
808 1086 928 1136 antrum
951 1078 1074 1137 intravit
1097 1081 1212 1140 asinos·
1318 1086 1323 1098 ⁴

215 1200 275 1258 que
290 1189 364 1242 auro
380 1181 526 1240 oneravit.

258 1283 333 1340 Mox
349 1292 450 1342 autem
473 1281 526 1341 ubi
548 1281 647 1340 redire
662 1281 767 1354 voluit,
785 1281 929 1340 carminis
951 1281 1073 1353 oblitus,
1092 1283 1212 1358 “Aperi

215 1383 275 1455 te,”
293 1382 400 1459 inquit,
420 1382 598 1441 “hordeum
612 1383 647 1454 ;''
671 1392 721 1440 cui
742 1389 812 1443 voci
834 1382 906 1458 quia
927 1382 1009 1441 fores
1030 1389 1137 1458 parere
1161 1389 1211 1441 no

214 1483 344 1554 luerunt,
369 1501 426 1542 neo
450 1482 593 1569 carminis
618 1483 715 1560 ipsius
741 1484 918 1543 meminisse
944 1492 1065 1561 poterat
1093 1483 1210 1561 (tantae

215 1583 296 1641 enim
312 1582 437 1642 divitiae
455 1583 604 1643 rationem
621 1584 715 1642 animi
737 1586 982 1666 perturbabant),
1000 1594 1019 1644 a
1041 1584 1210 1644 latronibus

214 1684 300 1741 brevi
320 1692 428 1760 captus
451 1693 508 1743 est.
554 1686 599 1743 Hi
619 1694 784 1762 postquam
801 1685 897 1743 virum
920 1685 1031 1762 gladiis
1054 1686 1212 1744 interiece-

214 1793 293 1854 runt‚
311 1802 422 1860 corpus
438 1784 504 1844 eius
520 1784 551 1842 in
568 1793 711 1861 quattuor
726 1793 829 1862 partes
845 1787 976 1845 divisum
991 1786 1071 1845 intra
1092 1795 1211 1844 antrum

215 1884 452 1960 suspenderunt.
498 1887 627 1944 Postero
643 1894 745 1943 autem
762 1885 811 1944 die
828 1886 951 1958 Balbus,
969 1896 1098 1962 quirem
1116 1887 1211 1962 suspi-

214 1992 302 2043 catus
318 1984 418 2043 locum
435 1984 502 2061 ipse
525 1985 650 2055 adierat,
664 1994 757 2044 noctu
779 1986 916 2044 membra
937 1986 1040 2045 fratris
1062 2005 1100 2045 ex
1122 1993 1211 2047 antro

215 2084 334 2160 eripuit.

281 2217 357 2282 diris,
371 2219 533 2266 terribilibus.
806 2220 918 2285 oblitus,
930 2219 998 2268 from
1012 2219 1148 2268 obliviscor.

282 2302 375 2367 minis,
382 2301 414 2350 cf.
422 2304 546 2360 minatur,
555 2301 595 2360 88,
603 2301 636 2351 ad
644 2302 687 2351 fin.
806 2303 891 2367 brevi,
904 2317 944 2364 44,
958 2317 979 2366 9.

282 2385 380 2451 coegit,
393 2385 462 2434 from
475 2391 536 2449 cogo.
805 2386 920 2452 adierat,
932 2386 1001 2435 from
1012 2387 1079 2436 adeo.

424 2651 472 2707 91.
513 2637 584 2693 Two
602 2652 654 2693 can
675 2638 752 2711 Play
770 2645 802 2695 at
820 2639 888 2694 that
906 2638 1003 2697 Game.

258 2798 330 2858 Hoc
345 2797 398 2856 ubi
413 2798 558 2876 cognovit
575 2799 637 2857 dux
655 2797 817 2870 latronum,
835 2804 957 2857 suorum
979 2797 1210 2857 callidissimum

214 2906 259 2956 rei
274 2898 480 2975 exquirendae
497 2907 590 2958 causa
607 2899 646 2958 ad
661 2899 768 2958 urbem
784 2898 874 2957 misit.
919 2898 982 2972 Qui
997 2898 1121 2975 quidem
1138 2899 1211 2958 dum

214 2998 321 3057 urbem
336 3008 480 3074 pererrat,
498 3000 578 3058 forte
594 2998 726 3058 occurrit
742 3006 851 3058 sartori
867 2998 997 3071 cuidam,
1009 3007 1062 3076 qui
1079 3008 1097 3057 a
1114 3000 1211 3060 Balbo

214 3098 315 3157 iussus
330 3098 434 3158 fratris
451 3100 588 3159 membra
603 3099 733 3158 disiecta
748 3109 805 3158 acu
820 3097 959 3158 iunxerat
976 3098 1101 3178 (corpus
1119 3099 1210 3172 enim,

214 3198 246 3256 in
262 3208 406 3276 quattuor
422 3207 524 3277 partes
540 3201 681 3272 divisum,
695 3199 818 3275 sepeliri
832 3200 915 3275 leges
927 3200 1098 3280 vetabant).
1138 3201 1210 3272 Hic,

214 3300 259 3360 vir
274 3302 395 3378 loquax,
414 3300 566 3361 alatrone
587 3299 696 3358 callide
719 3299 932 3375 interrogatus,
949 3307 1011 3358 non
1034 3300 1126 3358 modo
1147 3318 1211 3359 rem

216 3421 338 3463 omnem
368 3409 529 3479 quaerenti
558 3399 735 3476 divolgavit
767 3399 821 3459 sed
850 3399 974 3458 domum
1001 3399 1093 3458 etiam
1124 3399 1212 3456 Balbi

215 3501 360 3564 ostendit.
406 3502 484 3562 Inde
499 3501 586 3575 latro,
602 3509 768 3578 postquam
782 3499 865 3561 fores
885 3506 967 3561 creta
987 3505 1154 3570 notaverat,
1171 3497 1212 3557 ad
