2684 3942
181 307 214 357 94
241 300 247 312 ·
562 295 802 345 ANEcooras.

182 472 293 534 autem,
317 462 390 521 dum
412 469 519 521 omnes
546 464 713 523 adventum
739 465 805 523 eius
832 475 1023 543 exspectant,
1046 476 1065 526 a
1090 477 1179 545 porta

182 563 336 638 patefacta
352 569 476 639 egressa
490 563 606 621 femina
620 564 709 625 fortis
725 566 764 622 ad
780 574 881 624 castra
896 567 1032 625 hostium
1048 569 1179 630 accessit

182 681 251 721 cum
263 662 402 739 coniuge,
416 681 506 739 quem
522 663 553 720 in
570 672 692 723 umerus
704 665 897 725 sublevatum
909 667 1060 742 portabat.
1099 669 1177 728 Inde

181 769 264 820 cives
282 762 424 821 virtutem
446 762 579 822 feminae
600 772 707 837 mirati,
725 765 810 841 quod
830 766 923 826 fidem
943 769 1046 826 datam
1063 767 1177 829 violare

182 862 353 934 noluerunt,
370 871 401 921 et
416 862 539 941 coniugi
554 873 585 922 et
600 871 687 923 uxdri
702 873 912 941 pepercerunt.

248 995 333 1059 clade,
346 1002 431 1044 morte.
748 1000 933 1065 pepercerunt,
945 999 1015 1049 from
1021 1007 1108 1063 pared.

452 1227 516 1268 112.
556 1213 603 1268 An
622 1214 806 1271 Ill-matched
824 1213 903 1269 Pair.

224 1341 329 1416 Lupus
355 1339 428 1398 alim
453 1359 522 1398 cum
544 1341 634 1417 volpe
661 1340 840 1400 societatem
865 1342 1030 1401 coniunxit.
1083 1346 1177 1403 Hanc

182 1438 280 1516 igitur,
304 1440 388 1515 quod
413 1439 509 1499 mults)
535 1440 685 1498 infirmior
710 1450 784 1513 erat,
809 1442 1025 1518 quodcumque
1051 1442 1101 1502 ille
1124 1444 1176 1503 im-

181 1539 306 1615 peravit,
330 1539 432 1599 facere
458 1541 627 1616 oportebat.
677 1540 863 1617 Aliquando,
891 1541 964 1601 dum
989 1561 1044 1618 per
1069 1544 1175 1602 silvam

181 1638 309 1698 comites
332 1638 390 1698 iter
415 1639 541 1712 faciunt,
569 1641 712 1716 “Volpes
738 1641 926 1713 carissima‚”
950 1642 1050 1718 inquit
1075 1644 1174 1720 lupus,

183 1738 327 1815 “aliquid
343 1738 404 1798 cibi
419 1738 493 1797 mihi
508 1758 599 1816 quam
616 1740 772 1799 celerrime
789 1741 883 1814 adfer,
900 1749 938 1800 ne
952 1742 1035 1800 fame
1050 1751 1176 1803 coactus

181 1846 211 1897 te
226 1839 325 1916 ipsam
345 1840 518 1899 devorem.”
564 1846 582 1873 “
593 1839 774 1916 Equidem,''
791 1840 950 1917 respondit
964 1841 1069 1918 volpes
1084 1843 1175 1902 minis

180 1939 348 2015 perterrita,
368 1940 477 1999 “haud
496 1940 603 2015 procul
622 1941 661 1998 ab
684 1940 744 1999 hdc
766 1941 835 1999 locd
857 1941 936 2000 duds
957 1949 1055 2019 agnes
1077 1943 1175 2019 pridie

181 2046 336 2116 cdnspexi,
354 2048 432 2116 quus
451 2040 594 2098 facillime
617 2040 674 2099 tibi
697 2040 816 2099 adferre
839 2041 977 2117 poterd.''
1023 2043 1100 2102 Cum
1116 2044 1175 2102 hdc

180 2140 329 2199 intercus
345 2140 550 2212 convenisset,
567 2141 673 2216 volpes
689 2158 726 2199 ex
741 2149 829 2216 agnis
846 2142 974 2199 alterum
992 2143 1030 2200 ab
1046 2151 1119 2219 agr&
1136 2143 1175 2202 ad

181 2240 285 2317 lupum
297 2240 438 2316 portavit.
471 2239 601 2311 Deinde,
612 2249 646 2297 ut
655 2239 714 2298 sibi
725 2239 842 2315 aliquid
852 2240 1010 2314 inveniret,
1021 2242 1173 2302 discessit.

181 2342 222 2398 At
237 2339 335 2416 lupus,
353 2349 406 2416 qui
420 2342 506 2399 brevi
521 2349 634 2416 agnum
650 2339 815 2411 devoravit,
829 2347 868 2398 ne
883 2341 943 2399 huc
959 2341 1084 2416 quidem
1099 2344 1174 2403 satis

180 2448 351 2509 contentus,
370 2449 403 2498 ut
422 2440 517 2498 alters)
535 2446 691 2516 potiretur,
709 2439 775 2514 ipse
791 2440 829 2497 ad
846 2441 924 2499 ovile
940 2443 1097 2518 profectus
1116 2453 1172 2502 est.

181 2542 213 2597 Is
230 2548 340 2618 autem,
357 2540 440 2623 quod
462 2558 525 2598 rem
547 2539 700 2599 incautius
722 2539 792 2616 egit,
812 2549 831 2599 a
853 2549 977 2615 pastdre
1000 2553 1110 2619 captus
1132 2544 1174 2603 ita

179 2638 312 2716 graviter
326 2640 503 2698 verberatus
526 2648 582 2711 est,
600 2649 633 2698 ut
655 2658 767 2717 corpus
790 2640 830 2697 ad
852 2639 958 2699 silvam
981 2641 1032 2700 vix
1053 2644 1173 2703 trahere

177 2748 293 2816 posset.

451 2885 515 2943 113.
555 2871 725 2927 Greediness
744 2873 902 2929 Punished.

221 3000 349 3058 Posterc')
371 2998 421 3057 die
444 2998 534 3074 lupus
560 2998 599 3057 de
625 3006 689 3057 suis
714 2998 830 3058 iniuriis
853 3009 990 3076 questus,
1016 3011 1035 3061 a
1060 3003 1172 3062 comite

177 3098 253 3155 facti
286 3097 488 3173 imprudentis
517 3099 715 3158 vehementer
748 3098 906 3159 incusatus
939 3110 1007 3174 est;
1040 3103 1171 3162 “Hodie

178 3197 311 3267 tamen‚''
328 3196 427 3272 inquit
442 3198 558 3274 volpes,
578 3204 631 3256 “si
650 3205 769 3256 mecum
784 3207 959 3273 veniretis,
975 3210 1094 3260 tantum
1110 3202 1172 3261 cibi

178 3304 327 3372 quantum
343 3296 433 3355 edere
448 3297 564 3372 poteris
580 3296 636 3355 tibi
656 3297 769 3356 dab6.’'
817 3300 923 3374 Lupus
944 3299 1035 3376 igitur
1048 3301 1170 3377 volpem

141 3437 144 3442 ,
178 3404 309 3468 secutus
323 3396 465 3454 horreum
480 3380 632 3473 agricolae
644 3397 803 3456 cuiusdam
817 3406 894 3457 rima
908 3400 991 3459 haud
1007 3399 1049 3458 ita
1061 3409 1171 3478 magna

178 3495 311 3554 intravit.
357 3496 427 3568 Hic,
444 3514 514 3553 cum
535 3496 638 3556 carnis
654 3497 818 3557 maximam
833 3498 954 3576 cdpiam
969 3499 1168 3576 invenissent,
