2684 3942
547 324 787 374 Auacnomas.
1130 337 1161 389 91

168 491 255 565 tibi,''
279 491 387 569 inquit,
413 499 495 569 “pro
517 493 733 551 benevolentia
752 494 835 569 age,
864 502 897 551 tir
923 502 1025 551 tamen
1052 492 1083 550 in
1104 493 1164 551 hac

169 591 315 665 erravisti,
340 591 424 668 quod
446 610 515 650 mea
541 591 653 650 ancilla
676 592 776 651 adhac
798 591 880 664 vivit,
904 592 950 650 vir
970 601 1074 650 tamen
1097 592 1163 650 eius

168 701 306 751 mortuus
328 692 406 750 est.''
451 691 544 765 Quod
560 691 613 751 ubi
629 709 681 750 rex
697 691 820 750 credere
836 691 942 763 naluit,
960 701 992 750 ut
1015 710 1078 750 rem
1101 700 1163 749 tam

169 790 294 852 dubiam
310 791 506 868 explicarent,
525 793 616 851 ambo
632 792 672 850 ad
693 810 760 850 eam
782 800 900 868 partem
923 790 1053 863 aedium,
1071 811 1163 867 quam

168 901 248 952 servi
262 891 455 964 habitabant,
473 901 515 950 ire
530 901 670 968 pergunt.
718 893 789 950 Huc
812 892 864 949 ubi
886 899 1099 967 pervenerunt,
1116 899 1163 950 res

168 992 266 1069 magis
281 992 313 1050 in
329 991 474 1068 ambigue
489 999 563 1064 erat,
580 992 663 1067 quod
680 1000 710 1050 et
725 991 771 1050 vir
786 1001 817 1049 et
831 991 946 1049 femina
961 991 1069 1050 eadem
1089 999 1164 1068 roge

168 1092 304 1168 impositi
319 1091 453 1168 speciem
469 1091 576 1150 mortis
592 1091 791 1167 praebebant.
834 1091 977 1167 Denique
993 1099 1054 1162 rex,
1072 1099 1089 1125 ‘⁶
1101 1093 1163 1150 Hic

168 1199 251 1251 certe
275 1202 414 1252 mortuus
436 1201 484 1251 est
507 1201 539 1251 et
560 1190 621 1251 illa.
667 1192 745 1251 Uter
767 1201 871 1250 tamen
893 1191 975 1268 prior
992 1199 1086 1250 evita
1105 1191 1164 1250 dis-

169 1291 284 1352 cessit?
330 1291 362 1351 Si
384 1291 454 1368 quis
477 1291 551 1350 mihi
573 1299 670 1351 tetam
694 1310 758 1350 rem
773 1290 979 1368 explicaverit,
997 1300 1025 1350 ei
1041 1291 1165 1369 triginta
1266 1348 1268 1350 ,

169 1399 311 1451 nummos
336 1399 446 1451 aureas
470 1391 602 1450 libenter
628 1391 741 1450 dabo.'’
786 1394 829 1449 At
851 1391 897 1450 vir
920 1391 1023 1450 statim
1049 1399 1067 1450 e
1090 1399 1165 1469 rogo
1255 1388 1257 1391 ’

169 1491 300 1550 desiluit.
346 1490 484 1563 “Mihi'’
511 1491 620 1568 inquit,
647 1497 726 1549 “rex
751 1499 870 1568 magne,
894 1499 1036 1551 nummes
1060 1490 1163 1564 redde,

169 1590 322 1668 egoenim
338 1599 454 1667 primus
469 1600 606 1650 mortuus
622 1592 720 1650 sum.’'

234 1740 286 1806 vir,
299 1743 420 1790 conianx.
677 1758 680 1763 ’
760 1733 897 1806 ambigue,
910 1741 991 1791 dubie.

236 1826 361 1890 pergunt,
374 1825 508 1888 incipiunt.
761 1825 850 1890 redde,
863 1826 904 1873 dd.

221 2064 285 2125 107.
325 2052 398 2126 May
416 2068 434 2109 a
453 2052 523 2108 Man
543 2053 577 2109 do
596 2054 677 2108 what
696 2054 732 2109 he
751 2051 838 2108 Likes
856 2052 932 2108 with
951 2053 999 2108 his
1018 2052 1115 2109 own?

216 2213 383 2292 Lysander,
419 2212 627 2285 Atheniensis,
666 2232 736 2272 cum
773 2220 874 2272 cetera
910 2212 1054 2272 animalia
1089 2213 1165 2273 satis
1248 2197 1253 2208 ⁸

170 2313 327 2390 diligebat,
353 2323 418 2373 tum
444 2320 543 2391 eques
572 2321 692 2372 summe
717 2314 843 2372 fovebat
869 2321 980 2372 amore.
1027 2316 1059 2373 Is
1083 2314 1163 2385 olim,

170 2412 243 2471 dum
259 2413 384 2473 Thebas
399 2413 457 2474 iter
473 2413 558 2485 iacit,
575 2413 604 2472 in
630 2415 779 2473 Boeetum
802 2414 957 2488 quendam
978 2413 1095 2486 incidit,
1113 2424 1165 2489 qui

169 2514 377 2590 equesueob
394 2514 606 2590 nescioquam
630 2513 751 2590 culpam
774 2514 852 2571 male
876 2514 1027 2571 fatebatur.
1072 2514 1165 2587 Quod

169 2612 221 2672 ubi
236 2613 321 2686 vidit,
337 2614 482 2691 gravibus
497 2614 618 2689 probris
634 2623 752 2671 tantam
767 2613 978 2672 credelitatem
1002 2613 1162 2689 increpuit.

171 2713 283 2786 “Quid
294 2714 420 2773 tandem
432 2714 464 2773 id
477 2713 516 2772 ad
529 2720 559 2772 te
571 2711 682 2772 attinet
695 2715 705 2771 ?
717 2713 734 2739 '’
751 2712 910 2789 respondit
924 2713 984 2770 ille.
1024 2720 1041 2746 ‘⁴
1052 2715 1164 2773 Nonne

168 2813 240 2873 licet
275 2813 349 2871 mihi
379 2833 500 2890 equum,
531 2823 558 2872 si
594 2812 638 2872 ita
674 2811 783 2890 placet,
814 2813 975 2872 verberare
1009 2816 1162 2873 meum?’'

170 2913 365 2986 “Maxime'’
395 2913 495 2990 inquit
518 2913 685 2992 Lysander,
714 2913 825 2989 “quod
848 2913 1020 2988 exemplum
1042 2922 1076 2971 tr'r
1097 2921 1164 2989 pre

168 3013 266 3088 penis,
292 3013 324 3072 id
347 3031 405 3090 ego
428 3012 600 3072 imitabor.'’
646 3015 735 3071 Haec
760 3012 881 3072 locatus
907 3020 1019 3089 magne
1041 3014 1161 3088 bacula,

168 3112 251 3189 quod
273 3122 366 3172 mane
387 3113 539 3189 portabat,
557 3122 675 3189 tergum
698 3112 763 3171 eius
785 3111 918 3189 graviter
940 3122 971 3171 et
992 3132 1085 3190 saepe
1099 3134 1163 3173 ver·

167 3212 293 3273 beravit.
340 3214 440 3272 “Hac
477 3212 590 3285 enim‚'’
620 3210 730 3288 inquit}
761 3211 931 3270 “baculum
967 3230 1068 3272 meum
1104 3224 1160 3274 est.

167 3313 197 3370 N
199 3319 280 3371 enne
294 3312 386 3390 igitur
400 3312 474 3370 mihi
490 3312 562 3371 licet
577 3319 623 3384 ee,
640 3312 684 3370 ita
699 3321 733 3370 ut
747 3311 856 3388 placet,
873 3321 916 3372 siti
928 3316 939 3371 ?
949 3314 967 3340 ”

232 3474 293 3511 cum
307 3497 313 3511 .
329 3499 336 3512 .
352 3498 358 3511 .
371 3464 440 3527 tum,
453 3468 477 3509 et
489 3497 494 3509 .
509 3497 515 3508 .
528 3497 533 3509 .
545 3469 575 3510 et.
722 3460 772 3511 in.
786 3497 794 3512 .
809 3497 816 3511 .
830 3461 935 3527 incidit,
949 3463 1065 3510 occurrit.

232 3544 374 3610 adigebat,
386 3546 494 3593 amabat.
721 3544 812 3596 nesciit
824 3557 916 3609 quam,
929 3547 1052 3607 aliquam.
