2684 3942
159 328 208 379 100
489 329 566 377 THE
589 330 827 380 ARGONAUTS.

160 496 295 556 niebant.
341 497 482 556 Tradunt
494 507 595 556 autem
608 496 640 555 in
654 497 715 556 hac
727 506 854 557 numero
866 498 963 558 fuisse
976 497 1153 572 Herculem,

159 597 326 673 Orpheum,
343 596 555 656 citharoedum
581 597 870 675 praeclarissimum,
896 599 1061 671 Theseum,
1082 599 1155 658 Cas·

158 703 255 755 terem
279 706 309 755 et
332 696 445 755 multas
469 696 554 770 alias,
579 705 709 773 quarum
735 696 862 756 nomina
885 697 1047 756 netissima
1072 706 1152 757 sunt.

158 798 204 855 Ex
228 796 276 855 his
304 799 406 868 Iasen,
432 803 510 873 ques
534 796 698 856 arbitratus
724 807 772 856 est
798 797 838 857 ad
863 798 967 857 omnia
992 798 1154 856 subeunda

157 895 293 973 pericula
307 896 520 972 paratissimas
535 914 614 969 esse,
628 905 683 957 ees
699 898 738 956 ad
754 916 913 957 numerum
930 897 1154 974 quinquaginta

157 995 271 1073 delegit
290 1005 321 1054 et
336 996 439 1056 socies
462 996 521 1055 sibi
545 997 700 1056 adianxit:
723 1007 789 1057 tum
806 1004 923 1074 paucas
938 997 1006 1055 dies
1021 1016 1153 1056 commo

157 1104 250 1172 ratus,
267 1105 300 1154 ut
326 1095 365 1154 ad
394 1104 503 1156 omnes
532 1105 623 1156 cases
649 1098 789 1156 subsidia
817 1106 1018 1174 compararet,
1043 1106 1152 1156 navem

157 1196 284 1256 dedirxit
299 1205 329 1254 et
352 1204 568 1273 tempestatem
586 1197 626 1256 ad
648 1197 855 1274 navigandum
878 1197 1021 1279 ideneam
1044 1206 1152 1257 nactus

157 1303 270 1372 magne
286 1314 355 1354 cum
370 1296 481 1373 plausir
496 1296 632 1355 omnium
649 1297 749 1356 solvit.

460 1518 524 1575 119.
565 1505 591 1559 A
610 1504 694 1560 Fatal
712 1504 851 1560 Mistake.

200 1650 296 1709 Haud
310 1649 439 1708 multum
454 1658 526 1726 post
541 1624 748 1726 Argonautae,
762 1647 805 1707 ita
819 1647 902 1707 enirn
918 1647 1064 1725 appellati
1080 1657 1149 1707 sunt

157 1759 209 1826 qui
235 1748 266 1808 in
292 1749 353 1809 ista
376 1758 447 1808 navi
468 1749 667 1822 vehebantur,
696 1748 827 1807 insulam
848 1748 1003 1825 quandam
1027 1748 1151 1807 nemine

158 1849 305 1929 Cyzicum
321 1849 486 1926 attigerunt
502 1857 533 1907 et
549 1855 565 1907 e
581 1856 653 1907 navi
668 1855 784 1925 egressi
800 1857 819 1907 a
834 1855 905 1924 rege
921 1847 1002 1906 illius
1017 1848 1151 1925 regienis

156 1949 292 2028 hospitia
315 1958 436 2027 excepti
459 1957 539 2009 sunt.
585 1950 705 2008 Paucas
728 1949 820 2008 heras
844 1948 887 2007 ibi
911 1956 1091 2007 commorati
1111 1948 1151 2006 ad

156 2049 231 2109 solis
260 2058 405 2109 occasum
440 2058 543 2108 rirrsus
578 2047 752 2107 solverunt:
789 2057 828 2119 at,
859 2056 1023 2123 postquam
1052 2066 1151 2123 pauca

156 2148 252 2208 millia
277 2167 424 2226 passuum
448 2155 603 2225 pregressi
627 2156 707 2218 sunt,
733 2157 818 2206 tanta
847 2155 1018 2223 tempestas
1047 2146 1150 2205 subite
1224 2226 1229 2234 .

155 2250 261 2309 coerta
283 2258 339 2321 est,
357 2258 390 2307 ut
413 2266 535 2307 cursum
557 2253 662 2305 tenere
693 2253 755 2305 nen
780 2256 907 2323 possent
926 2245 1002 2305 etin
1019 2246 1150 2305 eandem

155 2359 273 2427 partem
296 2348 422 2420 insulae,
448 2347 529 2407 unde
552 2355 651 2423 nirper
672 2346 802 2423 profecti
825 2354 920 2418 erant,
944 2353 1057 2422 magne
1080 2364 1149 2404 cum

156 2449 292 2528 pericula
307 2448 508 2507 deicerentur.
554 2446 681 2506 Incolae
704 2455 818 2519 tamen,
835 2465 904 2504 cum
924 2465 984 2504 nox
1000 2455 1083 2504 esset
1098 2445 1150 2504 ob

156 2560 252 2621 seina,
270 2551 465 2626 Argonautas
486 2554 549 2606 nen
572 2546 785 2623 agnescebant
808 2555 839 2605 et
861 2554 971 2604 navem
994 2544 1148 2604 inimicam

155 2648 277 2708 venisse
301 2647 447 2719 arbitrati,
466 2665 549 2705 arma
569 2652 737 2722 rapuerunt
761 2654 791 2704 et
813 2653 867 2704 eas
883 2644 987 2722 egredi
1010 2645 1149 2722 prohibe·

154 2750 238 2808 bant.
283 2739 403 2807 Acriter
416 2746 449 2805 in
464 2747 552 2805 litore
568 2755 738 2823 prignatum
750 2754 798 2804 est
813 2755 844 2804 et
859 2752 911 2803 rex
927 2745 1001 2822 ipse,
1016 2753 1149 2821 quicum

155 2848 222 2908 aliis
238 2849 459 2920 decucurrerat,
471 2848 510 2905 ab
524 2848 711 2923 Argonautis
723 2854 845 2905 occisus
856 2854 913 2903 est.
948 2846 1023 2902 Mox
1034 2853 1147 2916 tamen,

154 2967 224 3007 cum
240 2948 300 3006 iarn
315 2947 525 3019 dilacesceret,
539 2953 703 3006 senserunt
719 2945 837 3003 incolae
854 2951 888 3003 se
903 2951 1003 3002 errare
1018 2952 1049 3001 et
1065 2962 1149 3001 arma

155 3047 351 3107 abiecerunt:
388 3050 586 3123 Argonautae
625 3054 736 3117 autem,
768 3063 837 3102 cum
874 3042 1015 3101 viderent
1045 3047 1147 3118 regem

154 3155 290 3207 occisum
306 3165 385 3219 esse,
402 3155 546 3222 magnum
561 3144 699 3203 dolerem
714 3149 924 3220 perceperunt.

436 3365 499 3405 120.
540 3351 601 3407 The
619 3350 691 3405 Losa
710 3350 741 3405 of
760 3349 865 3424 Hylas.

197 3492 349 3552 Postridie
371 3491 436 3550 eius
458 3493 519 3550 diei
542 3494 644 3568 Iason,
665 3502 882 3570 tempestatem
906 3492 982 3556 satis
1003 3493 1149 3555 ideneam

156 3610 226 3651 esse
251 3591 424 3664 arbitratus,
442 3610 560 3650 summa
575 3593 657 3651 enirn
681 3595 887 3674 tranquillitas
906 3596 967 3655 iam
982 3602 1149 3657 censecuta
