2684 3942
157 291 205 342 108
487 293 564 340 THE
586 291 824 341 ARGONAUTS.

428 583 492 642 13²·
533 569 560 624 A
578 568 695 626 Fearful
714 568 886 640 Expedient.
992 566 999 573 ’

197 731 270 788 Erat
286 729 318 787 in
333 738 411 788 nave
425 732 672 806 Argonautarum
687 730 771 788 tilius
787 731 912 806 quidam
929 730 1009 807 regis
1021 734 1148 805 Aeetae,

154 829 278 889 nemine
292 830 453 907 Absyrtus,
465 848 565 906 quem,
579 839 613 888 ut
627 839 720 908 supra
736 830 1022 902 deme'mstrevimus,
1037 832 1150 891 Medea

154 948 192 987 ex
206 930 280 988 urbe
296 929 418 1006 fugiens
434 937 539 988 secum
555 930 732 989 abdt'ixerat.
779 931 873 988 Hunc
893 949 1020 1006 puerum
1037 931 1150 990 Medea

154 1030 313 1088 c6nstituit
329 1029 501 1089 interficere
517 1037 555 1089 εό
570 1029 702 1089 οόηείἰίὀ
717 1040 759 1101 ut,
776 1030 922 1089 membris
938 1031 1003 1089 eius
1019 1030 1050 1088 in
1065 1050 1149 1091 mare

154 1129 311 1201 coniectis
328 1149 450 1188 cursum
471 1130 656 1189 Colchbrum
678 1131 860 1206 impediret:
890 1138 946 1207 prb
961 1138 1046 1190 certi>
1066 1131 1148 1190 enim

154 1229 272 1288 sciebat
295 1232 433 1302 Aeetem,
456 1248 526 1287 cum
548 1230 686 1289 membra
710 1230 757 1288 fili
779 1230 917 1302 vidisset,
941 1237 1003 1289 non
1026 1230 1148 1308 longius

153 1337 385 1405 prosecfltsirum
415 1348 500 1388 esse:
535 1348 635 1406 neque
659 1329 766 1406 opinis)
792 1349 860 1389 eam
885 1330 1013 1389 fefellit:
1044 1331 1148 1389 omnia

154 1429 236 1488 enim
262 1429 305 1487 ita
328 1437 496 1488 evenerunt
520 1438 554 1488 ut
579 1431 693 1488 Medea
714 1437 898 1506 speraverat.
945 1433 1067 1502 Aeetes
1095 1431 1147 1490 ubi

153 1539 284 1606 primum
309 1531 445 1590 membra
470 1530 555 1601 vidit,
583 1531 623 1589 ad
652 1548 689 1589 ea
714 1529 888 1607 colligenda
917 1538 1026 1590 navem
1055 1539 1148 1590 statui

154 1629 260 1688 iussit:
293 1630 367 1688 dum
392 1639 494 1688 tamen
519 1649 557 1689 ea
579 1640 734 1707 geruntur,
751 1632 949 1707 Argonautae
974 1638 1035 1690 nen
1058 1630 1148 1690 inter-

153 1737 249 1789 misse
272 1729 441 1807 remigandi
464 1729 579 1805 labbre,
593 1748 672 1803 mox,
690 1730 774 1805 quod
798 1749 925 1790 necesse
948 1730 1015 1803 tuit,
1037 1738 1054 1789 ἐ
1077 1739 1147 1790 esin-

153 1838 260 1906 spectt]
275 1830 409 1888 hostium
426 1837 534 1890 remitti
550 1840 622 1889 sunt
634 1849 734 1906 neque
751 1830 834 1905 prius
846 1831 951 1908 fugere
963 1831 1147 1891 destiterunt

153 1949 246 2006 quam
261 1930 301 1989 ad
316 1930 428 1989 flumen
444 1917 611 1989 Eridanum
627 1937 842 2006 pervenerunt.
888 1933 930 1989 At
942 1933 1057 1990 Aeetes
1072 1930 1147 1989 nihil

153 2030 211 2089 sibi
241 2031 433 2108 profutfirum
460 2048 529 2090 esse
555 2030 731 2102 arbitratus
759 2037 786 2088 si
816 2030 937 2107 longius
966 2038 1146 2107 prbgressus

153 2141 243 2202 esset,
260 2130 363 2190 animo
389 2130 524 2191 demisse]
548 2130 672 2189 domum
696 2129 829 2203 revertit,
847 2139 880 2189 ut
900 2130 946 2187 fili
969 2148 1080 2207 corpus
1106 2130 1147 2189 ad

152 2231 338 2307 sepultaram
354 2230 449 2290 daret.

377 2494 441 2554 133.
491 2481 552 2537 The
570 2480 698 2552 Basgain
716 2480 793 2536 with
811 2479 918 2536 Pelias.

192 2675 333 2735 Tandem
355 2683 426 2751 post
448 2674 544 2733 multa
566 2674 701 2750 pericula
724 2676 818 2733 Ιᾶεόη
840 2672 873 2731 in
887 2671 1022 2731 eundem
1044 2673 1144 2732 locum

150 2775 289 2851 pervenit
304 2776 386 2834 unde
402 2775 475 2834 elim
491 2774 648 2851 profectus
664 2783 738 2832 erat.
783 2775 863 2831 Tum
879 2780 896 2832 ὁ
912 2781 983 2832 navi
1002 2780 1145 2850 egressus

150 2875 190 2933 ad
212 2881 314 2951 regem
338 2875 454 2933 Peliam
470 2883 522 2951 qui
544 2881 671 2951 regnum
688 2873 788 2933 adhi'ic
803 2873 965 2933 obtinebat
987 2872 1090 2931 statim
1111 2879 1144 2931 se

150 2975 279 3033 contulit
301 2984 332 3033 et
354 2976 466 3035 vellere
489 2982 582 3034 aure&
604 2981 775 3033 mbnstritfi
797 2974 837 3032 ab
859 2980 897 3032 et)
919 2972 1094 3049 postulavit,
1112 2982 1145 3031 ut

150 3081 276 3150 regnum
301 3074 360 3133 sibi
383 3076 570 3134 traderetur:
603 3074 703 3132 Pelias
730 3073 812 3132 enim
836 3061 992 3150 pollicitus
1019 3081 1093 3144 erat,
1118 3079 1145 3130 si

151 3175 245 3232 Ιεῖιεόη
260 3174 359 3233 vellus
377 3175 553 3245 rettulisset,
571 3181 604 3233 se
625 3181 752 3250 regnum
773 3182 802 3231 ei
825 3172 1015 3231 traditarum.
1061 3173 1146 3231 Post·

150 3292 241 3348 quam
258 3276 351 3332 laisein
366 3274 440 3350 quid
455 3274 521 3332 fieri
536 3274 628 3332 vellet
643 3273 788 3344 ostendit,
807 3271 908 3331 Pelias
923 3282 1054 3349 primum
1070 3271 1145 3329 nihil

148 3373 316 3447 respondit,
338 3374 394 3431 sed
416 3373 468 3431 din
490 3373 521 3430 in
544 3373 654 3432 eidem
677 3371 802 3431 tristitia
824 3372 936 3431 tacitus
958 3371 1144 3448 permensit:

148 3471 273 3529 tandem
289 3472 332 3529 ita
347 3472 468 3530 locatus
484 3481 539 3530 est.
585 3472 712 3531 “Vides
728 3478 776 3530 me
793 3480 894 3531 aetite
912 3471 973 3529 iam
988 3489 1057 3531 esse
1074 3477 1144 3530 ebn-

148 3571 263 3628 fectum
287 3589 387 3630 neuue
403 3570 530 3630 dubium
544 3580 593 3630 est
607 3580 681 3648 quin
698 3570 765 3631 dies
785 3579 947 3647 supremus
963 3571 1037 3629 mihi
1053 3570 1142 3631 adsit.
