2684 3942
568 306 807 356 ANECDOTES.

411 537 459 610 ⁶7·
498 539 571 595 How
589 545 621 595 to
640 541 738 609 plesse
757 539 948 613 Everybodyt

225 682 325 741 Senex
338 680 471 757 quidam,
484 691 536 758 qui
552 682 671 741 asinum
684 683 817 742 vendere
829 682 933 756 voluit,
947 701 1016 741 curn
1031 682 1098 742 filie
1110 701 1180 742 eum

183 781 222 840 ad
237 781 344 841 urbem
360 782 500 841 dircebat.
546 783 621 840 Mox
635 791 800 842 occurrunt
815 784 909 842 chore
923 781 1083 860 virginum,
1101 801 1180 858 quae

182 881 265 940 dena
279 882 319 941 ad
333 882 480 958 templum
497 880 656 942 Minervae
671 883 844 959 portabant.
891 889 909 916 “
920 882 1065 955 Hercle,''
1081 881 1181 959 inquit

182 1000 220 1040 ex
234 982 283 1042 his
300 981 432 1040 maxima
454 990 536 1056 nete,
555 982 730 1059 “numquid
752 992 854 1060 potest
875 1001 944 1043 esse
967 982 1088 1042 stultius
1110 982 1179 1055 illis,

183 1090 236 1157 qui
250 1081 383 1157 pedibus
400 1082 457 1141 iter
473 1082 600 1155 faciunt,
618 1101 677 1142 nec
697 1083 785 1143 asine
800 1083 995 1143 vehuntur?''
1041 1084 1113 1142 Hec
1128 1082 1180 1141 ubi

183 1181 300 1241 audivit
322 1200 425 1255 senex,
448 1182 547 1241 filium
570 1182 691 1241 asinum
717 1183 926 1243 censcendere
952 1183 1041 1241 iussit
1062 1191 1093 1242 et
1114 1182 1180 1259 ipse

183 1283 276 1342 alacri
290 1292 398 1360 gressi]
413 1282 470 1343 iter
483 1284 639 1361 pergebat.
686 1287 715 1343 N
718 1292 758 1343 en
772 1283 879 1361 procul
895 1284 934 1343 ab
950 1291 987 1344 ee
1002 1284 1070 1342 loce
1085 1282 1181 1359 aliqui

183 1389 274 1442 senes
290 1390 464 1442 sermenem
482 1383 561 1444 inter
581 1390 614 1442 se
637 1384 789 1443 serebant.
833 1384 913 1443 Turn
930 1393 1018 1456 nnuS,
1036 1371 1179 1455 “Ehem’'

183 1482 290 1558 inquit,
309 1489 326 1517 “
337 1493 485 1559 quantum
500 1492 639 1560 tempora
660 1489 835 1543 metantur!
881 1483 945 1543 Ubi
960 1502 1043 1543 nunc
1062 1493 1110 1543 est
1128 1482 1180 1563 ille

183 1583 350 1643 se'neeti'rtis
375 1583 516 1660 proprius
541 1584 660 1644 honor?
691 1583 779 1643 desili
804 1604 842 1644 ex
864 1585 961 1658 asine,
984 1603 1061 1661 puer
1085 1583 1180 1661 impu·

183 1683 269 1756 dens,
283 1692 314 1743 et
328 1692 407 1760 patri
422 1684 528 1744 cede.'’
574 1684 652 1744 Inde
668 1684 796 1757 iuvenis,
811 1703 901 1761 quern
917 1684 1015 1761 pudor
1029 1684 1105 1743 facti
1120 1683 1180 1742 iam

183 1793 294 1856 movet,
309 1783 446 1843 celeriter
461 1784 493 1842 id
508 1784 592 1860 quod
607 1783 666 1844 sibi
682 1784 864 1861 imperitum
876 1794 924 1844 est
938 1783 1012 1844 facit
1024 1802 1180 1861 senexque

183 1883 315 1943 invicem
331 1883 450 1943 asinum
466 1884 655 1945 censcendit.

216 2019 365 2082 occurrunt,
381 2030 418 2074 11,
431 2016 453 2066 6.
875 2019 969 2083 alacri,
981 2019 1060 2067 celeri.

216 2100 337 2151 mixima
349 2102 425 2165 nitri,
436 2101 469 2149 cf.
482 2102 621 2150 minimum
634 2107 708 2160 nette,
721 2101 761 2161 61,
777 2116 814 2150 11.
874 2102 1015 2167 pergebat,
1029 2115 1068 2163 27,
1081 2115 1104 2163 4.

216 2184 362 2249 vehuntur,
375 2183 407 2231 cf.
415 2189 603 2246 praetervectus
613 2191 655 2242 est,
667 2185 709 2241 66,
721 2184 744 2233 6.
874 2184 963 2250 desili,
978 2196 1017 2249 59,
1028 2183 1052 2234 8.

307 2384 355 2441 ⁶8.
395 2386 468 2443 How
486 2393 517 2443 to
536 2388 632 2456 plesse
651 2386 1057 2460 Everybodyl-continued.

227 2529 374 2590 Fertevia
384 2530 552 2589 secundum
563 2529 676 2589 fli‘rmen
687 2529 829 2602 decebat,
841 2529 944 2605 inque
956 2530 1035 2588 duae
1046 2528 1180 2590 feminae

183 2636 285 2689 vestes
300 2630 452 2689 lavebant.
492 2630 562 2688 Hae
578 2629 630 2688 ubi
643 2628 776 2689 viatores
788 2629 902 2702 vident,
914 2637 974 2688 nne
985 2636 1061 2689 veee
1077 2630 1181 2689 err'rde

184 2729 302 2790 litetem
312 2730 408 2807 patris
420 2730 527 2806 filique
540 2730 648 2789 dr'rrum
660 2729 796 2789 laberem
806 2730 936 2806 plerant.
968 2731 1068 2789 Senex
1079 2728 1179 2807 igitur,

185 2839 237 2906 qui
259 2830 402 2890 omnibus
423 2831 545 2907 placere
567 2831 639 2902 vult,
657 2849 786 2906 puerum
807 2838 880 2906 post
900 2835 933 2888 se
956 2829 1063 2889 sedere
1086 2829 1179 2888 iubet.

185 2933 253 2989 Nec
274 2940 378 2989 tamen
400 2950 437 2990 ea
459 2938 507 2990 res
529 2937 676 3007 prespere
698 2929 809 3003 evenit,
827 2930 910 3006 quod
932 2930 1010 2988 alius
1025 2929 1122 2989 vietor
1143 2929 1181 2988 iis
1250 2920 1252 2922 ⁵

184 3030 325 3090 occurrit.
372 3031 426 3089 “O
443 3029 666 3106 impudentiam
683 3029 893 3088 nefandam!”
910 3029 1018 3105 inquit,
1037 3027 1181 3088 “facilius

184 3130 314 3206 potestis
333 3130 452 3188 asinum
475 3130 534 3206 ipsi
549 3130 669 3203 vehere,
688 3149 779 3206 quam
795 3137 850 3189 ves
872 3130 1017 3189 miserum
1038 3129 1180 3188 animal.'’

185 3232 265 3288 Tum
281 3249 383 3303 senex,
401 3239 452 3306 qui
468 3237 507 3288 ne
522 3230 554 3289 id
570 3230 694 3306 quidem
710 3230 848 3306 ineptum
864 3230 1000 3306 putabat,
1016 3239 1181 3307 postquam

184 3338 272 3388 creta
289 3328 368 3388 asini
389 3329 515 3387 fiinibus
537 3331 577 3388 ad
598 3338 742 3406 megnum
765 3340 888 3389 contum
904 3330 1051 3403 vinxerat,
1063 3349 1182 3417 ¹novum

185 3447 263 3488 onus
285 3447 355 3488 cum
377 3428 510 3488 maixime
533 3429 637 3489 labere
664 3430 695 3487 in
722 3437 795 3489 sues
823 3431 932 3507 filique
962 3437 1084 3491 umeres
1113 3431 1184 3489 sub

185 3528 306 3587 levevit.
358 3530 400 3587 At
429 3527 542 3601 asinus,
570 3538 619 3588 cui
648 3529 726 3589 haec
754 3529 879 3590 minime
908 3530 1081 3608 placebant,
1108 3512 1183 3590 duni
