2684 3942
162 292 195 350 86
541 298 780 351 ANECDOTES.

162 467 326 545 elephanti,
344 461 455 545 quibus
472 482 583 545 aquam
599 468 665 528 sine
682 468 773 528 noxia
795 463 880 528 adire
902 468 966 529 non
988 462 1110 543 licebat,
1126 464 1158 529 in

164 567 310 627 Sinonem
340 568 475 627 universi
504 569 651 646 impetum
678 570 818 628 fecerunt
843 570 1020 646 crebrisque
1047 570 1159 631 ictibus

162 668 261 745 ipsam
278 668 415 727 arborem
436 668 583 728 radicitus
606 669 784 729 evellerunt.
829 670 908 729 Inde
930 669 1027 729 virum
1049 671 1159 731 attoni-

162 777 227 826 tum
242 778 432 845 mortemque
449 778 682 846 exspectantem
706 769 737 826 in
757 779 877 848 tergum
900 768 1073 829 sublevavit
1096 771 1158 830 dux

160 868 262 945 gregis
283 868 434 945 longeque
458 887 513 945 per
539 868 634 927 silvas
657 869 696 928 ad
724 888 794 928 eum
818 869 919 928 locum
940 870 1073 946 portavit
1095 878 1157 947 quo

161 969 303 1045 sepulcro
326 968 482 1045 elephanti
505 968 679 1028 utebantur.
725 968 823 1029 Sinon
845 969 944 1047 igitur,
961 978 1067 1047 quiex
1082 989 1158 1029 mor-

161 1078 222 1127 tuis
237 1069 411 1145 elephantis
427 1067 503 1127 satis
518 1067 620 1128 eboris
635 1077 752 1146 potitus
767 1078 824 1142 est,
841 1078 919 1128 vivis
939 1070 1069 1146 posthac
1091 1088 1157 1147 par·

161 1169 260 1228 cebat.

226 1302 438 1367 murmurum,
451 1301 536 1365 ἀρε,
552 1316 572 1350 1.
790 1301 1055 1369 reaumaaadfin.

226 1384 350 1450 miximi,
363 1385 396 1434 cf.
408 1386 520 1444 minimi,
533 1399 573 1449 79,
584 1384 619 1434 ad
633 1384 676 1434 fin.
789 1385 955 1452 sublevavit,
967 1400 1007 1450 97,
1022 1399 1045 1452 5.

225 1468 398 1534 saepissime,
410 1472 502 1519 iterum
515 1478 591 1533 atque
603 1472 706 1518 iterum.
788 1471 927 1536 parcebat,
940 1469 979 1528 62,
992 1468 1026 1519 ad
1038 1468 1081 1520 fin.
1183 1459 1186 1464 ’

381 1697 446 1738 roo.
486 1683 547 1739 The
566 1682 777 1740 Subtemauean
795 1683 934 1756 Passage.

202 1817 297 1878 Sinon
312 1819 409 1897 vdives
433 1818 475 1877 ita
496 1818 607 1891 factus,
634 1820 717 1895 quod
744 1819 869 1879 domum
895 1820 935 1879 ad
958 1826 1031 1880 suos
1054 1819 1153 1879 redire

158 1917 263 1991 voluit,
286 1928 396 1978 nactus
419 1918 564 1978 idoneum
585 1929 708 1997 tempus
731 1921 771 1979 ad
793 1919 1008 1998 navigandum,
1026 1927 1042 1978 e
1064 1929 1153 1997 portu

158 2018 257 2079 solvit.
302 2022 344 2078 At
366 2027 483 2095 paucos
505 2030 576 2096 post
597 2020 664 2078 dies
686 2022 793 2080 coorta
814 2031 861 2079 est
881 2019 1062 2082 saevissima
1080 2031 1154 2080 tem·

158 2127 271 2195 pestas,
296 2118 382 2178 cuius
405 2118 551 2178 violentia
577 2119 663 2179 navis
690 2120 730 2179 ad
756 2119 901 2198 scopulos
926 2119 1056 2198 appulsa
1081 2139 1154 2178 nau·

157 2218 287 2296 fragium
315 2219 399 2278 iecit.
445 2220 518 2278 Hoc
548 2218 578 2277 in
609 2218 679 2279 loco
708 2229 813 2279 aestus
847 2239 902 2297 per
930 2221 1011 2279 latus
1039 2219 1152 2279 montis

157 2329 354 2396 praeruptum
370 2319 458 2378 alveo
473 2319 557 2378 haud
572 2320 615 2378 ita
630 2328 743 2396 magno
758 2319 892 2379 fluminis
908 2319 1000 2380 modo
1011 2319 1151 2379 volvitur.

158 2419 255 2479 Sinon
272 2418 461 2495 comitesque
482 2420 653 2495 complures
671 2419 739 2478 dies
757 2419 789 2477 in
807 2428 938 2497 angusta
957 2430 1032 2496 rupe
1052 2427 1153 2479 mane

156 2519 241 2593 bant,
261 2519 344 2595 quod
368 2518 440 2577 hinc
461 2528 506 2577 vis
526 2519 675 2578 fluctuum
699 2527 753 2579 eos
776 2520 860 2579 abire
882 2520 1048 2597 prohibuit,
1068 2520 1151 2579 illinc

157 2627 245 2679 mons
270 2619 437 2678 altissimus
466 2619 550 2678 nullo
579 2620 673 2679 modo
702 2620 829 2679 ascendi
858 2620 966 2696 potuit.
1011 2619 1151 2678 Tandem

157 2719 254 2778 Sinon
275 2730 439 2796 postquam
459 2738 584 2796 parvam
607 2729 703 2778 ratem
723 2727 740 2778 e
759 2720 898 2779 trabibus
918 2719 1006 2779 navis
1026 2721 1150 2793 fecerat,

156 2820 222 2878 sine
247 2820 309 2879 ullo
332 2819 443 2878 comite
467 2826 501 2877 se
525 2818 714 2878 committere
738 2838 831 2879 ausus
851 2829 899 2879 est
919 2819 1045 2892 flumini,
1067 2819 1152 2895 quod

156 2920 213 2978 sub
232 2928 325 2978 imum
342 2929 476 2979 montem
495 2919 631 2978 volutum
651 2929 708 2979 est.
753 2920 831 2979 Inde
853 2939 909 2996 per
926 2920 992 2978 virts
1014 2920 1151 2980 occultas

155 3027 275 3078 summa
290 3018 445 3079 celeritate
462 3026 576 3091 vectus,
594 3020 679 3095 quod
694 3039 751 3078 nec
768 3019 824 3079 iter
836 3019 940 3079 videre
956 3038 1013 3078 nec
1028 3037 1151 3078 cursum

155 3118 285 3196 dirigere
301 3128 428 3195 poterat,
445 3119 550 3178 labore
566 3129 597 3177 et
617 3118 756 3179 excubiis
776 3120 917 3179 defessus
937 3127 1022 3197 gravi
1042 3126 1151 3179 somno

155 3236 321 3295 oppressus
337 3228 393 3277 est.

221 3351 327 3413 nactus,
340 3348 408 3398 from
421 3356 559 3399 nancrtrcor.
788 3352 921 3417 trabibus,
934 3366 974 3417 93,
987 3351 1021 3401 ad
1033 3351 1076 3400 fin.

221 3432 348 3497 a1³1³¹¹l⁸b
361 3432 393 3481 cf.
406 3445 438 3498 95
462 3448 485 3498 3·
788 3449 872 3488 ausus
883 3437 936 3502 est,
948 3435 989 3499 89,
1002 3449 1024 3500 3.

221 3513 404 3578 naufragium,
423 3529 458 3578 50.
473 3531 495 3580 3·
788 3520 922 3587 volutum,
934 3519 1003 3569 from
1014 3520 1093 3568 varva
