2684 3942
519 310 758 361 ANECDOTES.

366 524 413 598 87.
453 528 515 583 The
533 529 649 584 Foslish
668 526 912 586 Maid-Servents.

186 664 273 721 Anus
302 664 463 739 quaedam,
492 684 571 741 quae
598 665 681 724 haud
706 666 812 742 procul
838 667 974 725 Tarenti>
1000 664 1039 724 ab
1063 663 1138 725 urbe

143 762 301 835 habitavit,
318 772 389 823 suas
404 763 530 824 ancillas
546 764 585 822 ad
599 765 672 841 galli
694 775 818 824 cantum
838 773 855 824 e
876 774 984 825 somno
1006 765 1138 825 excitare

144 863 269 922 solebat.
315 864 385 922 Hae
402 863 492 941 igitur
517 864 600 940 quod
625 873 643 923 a
665 874 764 941 prima
786 866 972 942 lucensque
993 866 1032 925 ad
1053 874 1139 925 occa-

144 982 211 1021 sum
234 961 307 1022 sciis
329 963 465 1023 labdrem
488 963 639 1023 sustinere
662 973 788 1023 coactae
811 975 890 1037 sunt,
906 966 1020 1043 gallum
1046 966 1139 1025 malci

143 1082 209 1121 rum
235 1082 360 1122 causam
383 1064 523 1124 occidere
546 1064 778 1124 c6nstituerunt.
825 1067 953 1125 Posteri)
975 1065 1066 1142 igitur
1088 1065 1137 1124 die

143 1164 201 1222 sub
230 1183 401 1240 vesperum,
429 1163 502 1223 dum
533 1163 628 1223 altera
657 1164 754 1241 pedes
783 1165 855 1242 galli
887 1174 1016 1242 utraque
1046 1175 1138 1224 manu

143 1263 254 1323 retinet
274 1272 421 1336 aversata,
444 1265 547 1337 altera,
571 1283 650 1341 quae
672 1265 766 1341 pauli)
788 1265 934 1324 audacior
954 1265 1020 1338 fuit,
1045 1274 1138 1342 caput

144 1363 208 1421 avis
238 1363 369 1422 infelicis
398 1373 496 1423 securi
524 1364 684 1440 percussit.
734 1364 772 1423 Id
800 1374 903 1424 tamen
931 1365 1021 1442 longe
1051 1364 1138 1425 aliter

143 1463 245 1522 evenit
272 1472 309 1522 {ic
334 1465 491 1540 putabant.
537 1466 705 1539 Postquam
728 1464 809 1523 enim
834 1465 934 1543 gallus
958 1465 1137 1524 interfectus
1194 1490 1197 1495 ’

143 1572 215 1635 erat,
238 1582 323 1635 anus,
349 1583 428 1640 quae
457 1564 497 1622 ad
526 1563 558 1622 id
586 1573 708 1641 tempus
738 1574 860 1624 cantum
890 1565 956 1623 eius
985 1565 1138 1642 patienter

143 1673 320 1740 exspectare
336 1664 462 1735 solebat,
476 1663 603 1723 ancillas
618 1683 700 1724 nunc
716 1664 818 1724 media
830 1675 929 1737 nocte,
942 1685 1024 1725 nunc
1039 1674 1137 1742 prima

142 1764 219 1836 luce,
233 1782 354 1839 semper
369 1773 472 1822 tamen
487 1764 635 1823 maturius
651 1783 745 1841 quam
761 1772 888 1838 anteat}
904 1773 1013 1824 sommi
1028 1764 1137 1824 excita-

142 1864 193 1922 vit.
239 1863 378 1922 Ancillae
404 1864 504 1941 igitur,
531 1882 610 1940 quae
636 1864 679 1924 ita
704 1872 736 1923 se
759 1865 942 1939 fefellerant,
969 1873 1025 1942 prb
1049 1872 1137 1925 tanti>

142 1963 278 2023 facinore
293 1963 402 2041 dignas
417 1973 534 2040 poenas
549 1966 769 2041 persolverunt.

209 2096 520 2163 &somniexcitireffd
535 2112 556 2146 1.
732 2098 819 2149 seciui
838 2098 981 2164 percussit,
994 2099 1034 2156 62,
1047 2098 1081 2147 ad
1093 2098 1136 2147 fin.
1233 2144 1235 2147 ,

208 2180 417 2245 cinstituerunt,
431 2194 470 2245 73,
483 2181 506 2229 6.
731 2179 897 2248 fefellerant,
909 2182 978 2231 from
985 2183 1062 2246 salli.

420 2387 467 2444 88.
507 2389 689 2446 Inattention
707 2389 855 2446 Rebuked.

185 2518 419 2589 Demosthenes,
436 2517 486 2575 ille
509 2496 610 2576 Orsitoi
632 2517 827 2592 clarissimus
845 2517 929 2595 quod
944 2524 993 2577 res
1014 2518 1137 2595 publica

141 2618 174 2675 in
190 2636 341 2676 summum
357 2617 520 2677 discrimen
543 2618 677 2676 adducta
699 2629 747 2678 est
765 2638 820 2695 per
842 2618 971 2678 consilia
993 2618 1135 2695 Philippi,

144 2718 351 2777 Macedonum
366 2717 456 2795 regis,
473 2718 680 2778 Athenienses
696 2718 735 2778 de
749 2720 885 2796 periculd
901 2718 984 2794 quod
1003 2718 1137 2777 immine·

142 2818 196 2876 bat
218 2838 310 2895 saepe
332 2819 487 2877 monebat.
533 2821 701 2896 Postquam
727 2818 842 2878 diutius
867 2826 951 2878 mine
975 2825 1031 2878 suf)
1054 2825 1137 2877 cives

142 2918 281 2977 hortatus
297 2928 352 2991 est,
369 2927 495 2977 miratus
512 2918 595 2994 quod
617 2919 718 2978 surdis
741 2919 866 2979 auribus
882 2919 976 2977 verba
992 2918 1135 2991 faciebat,

143 3018 244 3076 subiti>
259 3026 367 3077 vdcem
382 3018 518 3078 mutavit.
565 3025 582 3052 “
594 3021 689 3078 Ceres
712 3019 815 3091 filim,'’
834 3017 941 3095 inquit,
960 3025 1048 3077 “imi
1068 3037 1137 3077 cum

142 3117 304 3177 hirundine
325 3128 355 3177 et
377 3137 477 3195 angue
498 3118 616 3178 itineris
633 3118 796 3178 comitibus
818 3119 965 3195 proiecta,
983 3119 1022 3177 ad
1044 3100 1138 3176 altum

142 3217 281 3293 pervenit
303 3217 425 3289 flumen,
450 3217 534 3294 quod
562 3219 697 3278 tranavit
725 3218 843 3296 anguis,
873 3217 1005 3277 hirundd
1035 3227 1137 3277 autem

142 3324 254 3391 pennis
277 3316 505 3375 transvolaviff’
551 3319 614 3376 Hic
641 3319 694 3378 ubi
716 3326 819 3378 Orator
841 3318 943 3378 subiti>
966 3326 1138 3379 sermdnem

142 3414 312 3490 interrupit,
331 3416 397 3472 “At
412 3416 507 3474 Ceres
522 3416 590 3493 ipsa
611 3425 674 3494 qud
696 3419 788 3479 modd
810 3419 938 3479 traiecta
959 3420 1059 3478 est?''
1091 3439 1138 3478 ex-

143 3517 290 3589 ceperunt
305 3520 397 3571 cives.
441 3515 521 3572 Tum
543 3516 593 3574 ille
609 3517 693 3577 voltu
713 3526 828 3592 severs),
848 3519 1035 3596 “Numquid
1049 3520 1138 3578 vcbis
