2684 3942
166 280 199 331 64
549 281 790 330 ANECDOTES.

169 449 477 529 Lyden3i6rte1nam
492 467 584 525 quam
599 449 679 509 bene
698 448 835 508 meruisti
853 467 962 525 carpe;
986 449 1068 508 hunc
1083 449 1165 510 enim

168 558 280 626 penem
289 549 374 608 iesse
384 548 465 626 regis
475 557 504 608 ei
513 568 604 625 quem
614 548 718 608 inveni
728 539 945 626 probissimum
954 547 1085 610 libenter
1094 550 1164 609 do.”

234 683 343 747 probus,
356 696 416 745 opp.
429 682 584 738 inhonestus,
595 679 619 738 8,
635 695 655 729 1.
759 681 924 747 deciderunt,
937 683 977 746 69,
990 682 1024 731 ad
1035 683 1078 731 fin.

234 765 341 830 edebat,
357 777 395 829 57,
408 764 441 813 ad
453 764 496 812 fin.
759 766 847 816 nescie
860 768 1049 830 que=aliqun

234 849 347 912 emerat,
361 847 400 910 69,
413 846 447 895 ad
458 847 501 895 fin.
758 851 832 913 cessi,
845 848 884 913 63,
898 849 932 897 ad
943 850 985 897 fin.

236 931 349 996 nummi,
363 930 403 996 36,
415 930 438 980 6.
758 945 847 997 carpe,
861 931 900 997 38,
913 931 936 982 6.

526 1152 573 1213 71.
613 1141 808 1215 Hospitality.

212 1269 312 1329 Multa
327 1269 499 1329 audivimus
515 1268 554 1328 de
569 1268 640 1328 mm
655 1269 832 1345 divitiisque
848 1277 953 1329 eorum
970 1270 1166 1330 sacerdetum

169 1379 222 1447 qui
245 1379 341 1429 sacris
366 1369 486 1430 Cereris
510 1373 680 1446 praeerant.
727 1371 771 1427 Ex
797 1371 845 1428 his
871 1380 958 1442 rinus,
980 1379 1030 1429 cui
1053 1379 1163 1430 nemen

169 1479 234 1530 erat
260 1472 369 1548 Lycus,
394 1487 579 1546 quamquam
602 1468 740 1528 modices
762 1469 854 1528 modo
876 1470 999 1529 divitias
1021 1471 1164 1543 habebat,

169 1576 276 1630 omnes
300 1569 376 1629 alies
402 1569 593 1647 benignitate
620 1578 650 1629 et
673 1568 856 1628 liberalitate
880 1572 1053 1646 superabat.
1103 1572 1165 1631 Hic

170 1670 260 1742 enim,
278 1678 330 1746 qui
345 1669 471 1729 cottidie
489 1669 591 1729 cibum
612 1669 707 1728 semel
728 1669 848 1741 edebat,
866 1688 988 1746 semper
1007 1671 1047 1730 ad
1065 1671 1166 1749 frege-

170 1771 230 1831 lem
246 1776 354 1830 cenam
369 1770 460 1829 bines
474 1776 625 1846 pauperes
641 1769 781 1828 vocebat.
819 1769 997 1846 Aliquande
1012 1771 1084 1829 dum
1096 1790 1165 1830 cum

170 1871 291 1930 duebus
313 1869 500 1948 pauperibus
523 1877 633 1930 cenare
660 1868 776 1945 incipit,
799 1870 908 1929 tertius
929 1870 1050 1946 hospes,
1075 1890 1166 1947 quem

169 1972 236 2048 ipse
256 1978 319 2030 nen
339 1979 510 2051 voceverat,
528 1969 652 2028 domum
675 1969 807 2028 intravit.
852 1971 932 2028 Tum
956 1973 1066 2049 Lycus,
1083 1972 1167 2048 quod

170 2078 248 2130 cena
277 2080 420 2147 quattuor
448 2078 586 2129 convivis
619 2076 683 2129 nen
713 2070 904 2145 suppetebat,
936 2090 1024 2129 suum
1054 2070 1166 2131 lectum

170 2171 307 2231 advenae
322 2170 484 2230 concessit.
533 2169 683 2248 (Remini
699 2169 789 2241 enim,
806 2170 879 2228 dum
894 2178 1015 2245 cenant,
1032 2171 1065 2230 in
1079 2172 1167 2231 lectis

170 2290 291 2348 semper
305 2270 471 2350 iacebant.)
519 2265 622 2341 “Tei''
639 2269 747 2346 inquit,
767 2270 887 2329 “hodie
902 2278 979 2330 cene
994 2295 1000 2343 3
1024 2271 1167 2347 equidem

170 2373 235 2432 heri
250 2379 380 2444 cenev13
403 2379 471 2430 cres
487 2389 619 2447 quoque,
637 2378 663 2428 si
678 2370 727 2428 dis
742 2369 784 2428 ita
799 2371 908 2446 placet,
925 2371 1075 2431 cenaibe.'’

219 2504 370 2570 praeerant,
383 2503 453 2553 from
459 2511 592 2566 praesum.
728 2504 860 2569 convivis,
873 2518 897 2567 9,
913 2518 933 2552 1.

219 2588 399 2653 benignitite‚
413 2587 446 2637 cf.
458 2589 586 2651 benignus,
602 2600 639 2645 11,
655 2601 675 2634 ι.
727 2587 837 2652 lectum,
853 2600 891 2652 57,
904 2603 926 2650 7.

219 2674 361 2739 pauperes,
374 2686 414 2734 70,
430 2685 449 2719 1.
727 2671 780 2736 dir,
794 2671 862 2719 from
874 2672 942 2730 deus,
957 2686 995 2737 13,
1008 2672 1042 2721 ad
1054 2673 1097 2722 fin.

389 2894 436 2954 72.
476 2881 610 2954 Honesty
629 2881 656 2935 is
675 2880 726 2936 the
744 2880 816 2936 Best
835 2880 947 2955 Policy.

212 3009 334 3082 PadiuS,
348 3008 482 3086 agricola
496 3009 618 3085 probuS,
633 3017 685 3083 qui
697 3008 793 3066 multe
805 3007 909 3067 labore
922 3009 1038 3086 aliquid
1050 3019 1169 3088 argenti

170 3109 353 3186 conlegerat,
377 3127 504 3166 vaccam
529 3108 655 3167 tandem
681 3107 762 3179 emit,
786 3107 872 3166 cirins
895 3109 973 3169 lacte
996 3118 1027 3169 et
1048 3117 1116 3169 sese
1139 3120 1169 3170 et

169 3207 282 3267 liberes
298 3209 408 3266 alebat.
454 3208 635 3283 Compleres
651 3214 774 3266 menses
790 3208 865 3267 satis
880 3209 986 3284 pebuli
1000 3210 1169 3286 praebebat

169 3316 292 3383 pretum
308 3306 392 3365 haud
413 3306 456 3365 ita
474 3316 638 3383 magnum3
661 3317 692 3366 at
714 3308 815 3366 medie
838 3318 964 3382 aestate,
981 3310 1064 3387 quod
1086 3319 1168 3370 totus

171 3424 243 3482 ager
258 3405 368 3465 erdere
384 3405 458 3465 selis
476 3405 655 3478 torrebatur,
672 3407 726 3464 illa
746 3407 828 3468 fame
850 3409 961 3469 misere
983 3430 1090 3486 pressa
1111 3420 1167 3471 est.

173 3505 245 3563 Hec
261 3504 313 3563 ubi
329 3504 426 3563 sensit
441 3505 563 3576 Pedius,
581 3504 664 3580 quod
679 3507 827 3566 ecerrime
846 3507 950 3568 dolore
972 3511 1169 3586 perturbatus
