2684 3942
469 271 664 319 DEPONEN
665 272 691 318 T
709 272 835 320 VERBS.

429 483 477 540 82.
517 487 623 542 waren
642 488 670 542 is
690 488 740 543 ore
759 445 867 557 muge

197 611 352 684 Rusticus,
369 621 422 687 qui
439 619 542 690 regem
556 612 660 673 videre
676 613 765 672 valde
788 614 940 690 cupiebat,
958 614 1056 675 laetus
1078 602 1148 676 cvm

153 711 274 787 hospite
290 719 396 788 ignoto
411 711 451 770 ad
467 712 580 789 regiam
597 712 653 771 iter
668 713 750 773 lecit.
796 715 869 773 Post
889 720 997 772 cenam
1018 722 1071 774 rex
1087 716 1149 776 “Si

154 811 229 882 vis,”
253 810 360 887 inquit,
386 818 532 870 “mecum
555 812 586 870 in
609 812 736 872 alteram
759 821 877 889 partem
901 813 1022 872 aedium
1046 824 1097 886 ire,
1118 824 1148 875 et

154 917 256 988 regem
271 921 302 970 et
316 911 435 970 nobiles
451 912 622 988 complores
637 912 694 971 tibi
712 912 904 972 ostendam.”
950 920 967 947 “
980 914 1146 987 Maxime,'’

153 1010 312 1088 respondit
337 1011 475 1084 misticus,
505 1011 588 1071 “sed
617 1020 680 1088 quo
708 1012 800 1071 modo
829 1019 931 1090 regem
960 1020 1147 1091 cognoscere

153 1114 284 1188 potero?
298 1112 314 1138 ’³
361 1110 522 1186 “Facile‚'’
549 1112 710 1189 respondit
738 1112 797 1184 ille,
827 1119 926 1171 “nam
955 1120 1049 1173 ceteri
1077 1124 1149 1174 sunt

154 1211 254 1287 eapite
280 1211 405 1284 nodato,
429 1219 482 1272 rex
507 1222 609 1272 autem
635 1213 719 1272 solus
747 1212 849 1289 capite
879 1220 986 1290 operto
1014 1215 1147 1273 manet.”

155 1311 234 1370 Inde
249 1309 444 1387 splendidum
459 1312 567 1371 ineunt
587 1312 707 1384 atrium,
724 1312 777 1371 ubi
799 1312 923 1372 adstant
937 1313 994 1372 viri
1016 1315 1149 1391 compla-

154 1418 211 1483 res,
228 1417 312 1470 ostro
327 1417 464 1488 insignes
480 1420 511 1471 et
526 1419 609 1471 auro.
655 1413 680 1470 F
681 1419 780 1471 rostra
795 1412 926 1472 misticus
938 1414 1034 1473 oculis
1046 1419 1149 1491 regem

144 1528 209 1586 ‘per
223 1519 320 1570 totum
336 1522 456 1571 coetum
472 1512 611 1587 exquirit.
655 1512 796 1571 Tandem
812 1512 851 1571 ad
866 1513 1009 1572 comitem
1020 1532 1127 1574 versus
1140 1537 1147 1586 ;

156 1613 230 1670 “Ex
245 1612 366 1684 nobis‚’'
383 1611 490 1687 inquit,
506 1612 609 1672 “alter
623 1620 676 1671 rex
692 1613 868 1673 necessario
883 1623 1023 1685 estnam
1039 1613 1097 1673 soli
1112 1633 1150 1674 ex

155 1717 241 1772 tanto
256 1721 345 1771 coetsr
360 1712 460 1788 capite
476 1721 581 1772 snmus
596 1714 734 1789 operto.’'

221 1845 310 1910 valde,
324 1847 444 1894 mdximi.
743 1848 826 1912 ostri),
840 1860 879 1911 3ο,
892 1860 916 1908 7.

221 1928 274 1993 vis,
287 1927 356 1976 from
367 1929 429 1978 volo.
743 1930 866 1995 adstant,
880 1930 920 1994 69,
932 1945 955 1990 4.

455 2116 679 2166 DEPONENT
704 2117 850 2167 VERBS.

200 2259 256 2320 ³7.
283 2251 454 2334 Deponent
473 2250 640 2315 vernare
657 2251 790 2332 passive
807 2251 841 2314 in
858 2251 944 2315 form
963 2252 1024 2315 but
1041 2251 1149 2316 active

156 2359 190 2422 in
207 2359 373 2442 meaning.

415 2487 531 2543 monor,
544 2471 566 2536 Ϊ
575 2483 627 2536 dic.

416 2600 528 2651 queror,
542 2586 564 2638 I
572 2585 726 2654 complain.

200 2744 246 2826 (1)
278 2746 345 2804 The
367 2755 493 2822 present
515 2744 577 2803 and
598 2745 700 2804 future
722 2743 901 2821 participles
923 2763 975 2805 are
997 2744 1095 2804 active
1119 2744 1150 2802 in

155 2846 234 2904 form
249 2864 282 2905 as
297 2846 363 2905 well
379 2865 413 2905 as
428 2845 580 2922 meaning.

366 2992 370 2998 ·
416 2978 549 3043 querens,
563 2977 766 3047 complaim'ng.

416 3079 581 3144 queatfima
594 3079 681 3132 about
694 3086 722 3133 to
734 3077 888 3148 complain.
970 3120 973 3125 .

200 3236 247 3317 (2)
278 3198 430 3313 The-past
445 3237 604 3313 participle
620 3238 653 3295 of
668 3238 825 3313 deponent
840 3237 931 3296 verbs
949 3235 975 3295 is
998 3235 1097 3297 active
1120 3237 1150 3294 in

157 3336 309 3414 meaning,
326 3336 388 3395 and
402 3356 472 3415 may
485 3337 637 3396 therefore
652 3338 692 3398 be
707 3337 876 3397 translated
891 3339 933 3417 by
946 3339 1067 3413 haavag.

419 3490 549 3550 questus.
564 3484 678 3557 having
688 3486 876 3556 complained.
