2684 3942
523 332 600 381 THE
623 330 860 381 ARGONAUTS.
918 384 921 388 Α
1140 335 1188 384 109

193 502 299 562 Liceat
315 501 405 579 igitur
420 500 495 558 mihi
507 501 580 559 dum
595 510 696 559 vivam
712 502 771 560 hdc
786 508 914 577 regnum
930 500 1088 573 obtinere,
1111 512 1185 574 tum,

191 612 356 679 postquam
385 621 443 679 ego
472 609 489 660 e
518 610 582 660 vita
611 600 793 674 discessus),
824 610 857 659 tu
890 600 921 657 in
951 619 1052 659 meum
1087 601 1185 660 iocum

192 703 327 762 venies''
373 703 443 761 Hac
464 701 601 760 dratidne
625 700 776 761 adductus
800 703 893 760 Iasdn
916 700 1077 777 respondit
1099 708 1132 759 se
1155 701 1186 760 id

191 804 342 862 facturum
358 802 442 878 quod
458 801 508 860 ille
524 809 671 877 rogasset.

515 1023 578 1081 134.
619 1009 718 1064 Boiled
737 1008 865 1063 Mutton.

235 1155 295 1212 His
321 1154 412 1212 rebus
438 1152 578 1229 cdgnitis,
604 1152 718 1210 Medea
743 1171 806 1210 rem
833 1158 922 1228 aegre
949 1151 1018 1210 tulit
1035 1162 1075 1234 'et
1099 1159 1185 1229 regni

191 1253 360 1328 cupiditate
391 1253 524 1311 adducta
554 1251 714 1311 cunstituit
748 1261 876 1310 mortem
905 1259 968 1329 regi
997 1270 1052 1328 per
1081 1252 1185 1311 dolum

192 1355 312 1413 inferre.
360 1356 432 1412 Ηόε
454 1352 631 1424 cdnstitutd,
653 1352 693 1410 ad
714 1352 796 1410 filias
818 1351 899 1428 regis
921 1351 1006 1410 venit
1028 1362 1120 1428 atque
1143 1353 1186 1410 ita

191 1454 293 1512 locuta
319 1463 374 1512 est.
421 1452 568 1511 “Videtis
593 1462 712 1528 patrem
737 1462 872 1510 vestrum
902 1460 1003 1510 aetate
1029 1452 1089 1509 iam
1116 1471 1185 1510 esse

191 1555 368 1613 cdnfectum
383 1572 483 1628 neque
500 1553 539 1611 ad
559 1552 696 1611 labdrem
711 1551 861 1628 regnandi
876 1551 1093 1626 perferendum
1109 1552 1185 1610 satis

191 1654 301 1712 valere.
336 1652 477 1712 Voltisne
487 1671 557 1711 eum
572 1662 676 1711 rursus
691 1652 833 1710 iuvenem
855 1652 940 1710 fieri?
952 1652 969 1677 ’'
1006 1653 1086 1709 Tum
1100 1651 1184 1710 filiae

191 1753 271 1831 regis
299 1754 348 1812 his
378 1753 491 1811 auditis
521 1752 564 1811 ita
593 1752 825 1828 responderunt.
887 1753 997 1809 “Num
1030 1751 1091 1810 hnc
1119 1752 1185 1810 fieri

191 1856 315 1930 potest?
359 1853 438 1926 Quis
454 1852 537 1911 enim
556 1870 692 1928 unquam
708 1859 725 1910 e
740 1870 814 1910 sene
836 1851 955 1910 iuvenis
971 1851 1072 1909 faetus
1088 1854 1153 1910 est?
1165 1852 1183 1878 ’'

191 1956 234 2012 At
267 1953 379 2012 Medea
408 1952 576 2028 respondit,
608 1951 728 2010 “Scitis
757 1958 805 2009 me
834 1950 1005 2009 medicinae
1034 1970 1184 2008 summam

191 2053 303 2112 habere
318 2052 488 2111 scientiam.
534 2055 625 2111 Nunc
648 2051 740 2128 igitur
762 2051 850 2110 vdbis
870 2051 1089 2110 demonstrabr')
1112 2059 1184 2127 qud

190 2154 283 2212 modo
309 2153 386 2211 haee
411 2160 459 2211 res
485 2153 551 2210 fieri
575 2150 706 2228 possit.''
752 2152 813 2209 His
838 2150 939 2223 dictis,
960 2169 1030 2208 cum
1056 2150 1183 2209 arietem

191 2261 291 2311 aetate
314 2252 375 2309 iam
397 2253 573 2311 cdnfectum
595 2250 811 2321 interfecisset,
828 2250 965 2308 membra
986 2250 1053 2308 eius
1075 2249 1107 2307 in
1129 2258 1184 2309 vas

190 2370 320 2411 aeneum
342 2351 446 2427 posuit
463 2361 495 2410 et
517 2360 587 2428 igne
603 2350 765 2426 suppositd
781 2368 881 2426 aquae
903 2349 1016 2408 herbas
1031 2350 1183 2424 quasdam

190 2451 310 2510 infudit.
355 2452 444 2523 Tum,
461 2451 533 2509 dum
549 2470 629 2526 aqua
652 2450 875 2520 effervesceret,
893 2467 1016 2506 carmen
1031 2449 1182 2525 magicum
1272 2467 1279 2481 ·

189 2551 344 2610 cantabat.
391 2553 465 2609 Post
490 2550 583 2610 breve
607 2560 729 2626 tempus
759 2548 838 2607 aries
863 2556 880 2606 e
904 2557 978 2607 vase
1005 2548 1128 2608 exsiluit
1153 2558 1183 2607 et

189 2650 306 2709 viribus
329 2650 453 2709 refectis
477 2668 532 2725 per
555 2657 646 2726 agros
670 2649 820 2708 currebat.

415 2870 478 2930 135.
518 2857 544 2911 Α
567 2857 735 2928 Dangeruus
757 2856 956 2925 Experiment.

232 3004 314 3060 Dum
337 3001 421 3059 filiae
445 3000 526 3078 regis
542 3001 602 3059 hdc
625 2998 806 3059 miraculum
829 3005 991 3074 stupentes
1015 2998 1181 3071 intuentur,

190 3103 303 3161 Medea
325 3100 368 3160 ita
390 3101 493 3160 locuta
515 3110 571 3159 est.
617 3099 766 3158 “Videtis
792 3107 942 3175 quantum
968 3098 1069 3157 valeat
1090 3098 1183 3157 medi·

188 3211 266 3260 cina.
310 3203 377 3261 Vds
399 3200 499 3278 igitur,
516 3207 542 3259 si
557 3199 649 3259 voltis
671 3210 790 3275 patrem
805 3209 940 3258 vestrum
957 3198 989 3256 in
1005 3199 1183 3258 adulescen-

189 3301 262 3359 tiam
287 3302 442 3373 reducere,
463 3300 495 3359 id
518 3300 602 3377 quod
625 3301 684 3358 feci
711 3300 797 3376 ipsae
823 3298 965 3364 facietis„
999 3301 1065 3358 Vns
1087 3298 1183 3374 patris

189 3401 324 3460 membra
346 3401 377 3458 in
394 3409 448 3460 vas
463 3399 611 3472 cunieite3
636 3419 693 3476 ego
714 3399 826 3459 herbas
841 3399 977 3475 magicas
995 3397 1182 3474 praebeb6.''

190 3503 250 3559 His
272 3502 394 3573 auditis,
415 3500 499 3558 filiae
522 3499 603 3576 regis
626 3498 789 3558 cunsilium
812 3500 896 3574 quod
919 3498 1046 3557 dederat
1069 3495 1184 3553 Medea
1256 3482 1259 3487 ’

189 3608 250 3661 nr’in
266 3600 470 3662 omittendum
486 3607 688 3677 putaverunt:
719 3608 836 3677 patrem
853 3598 943 3681 igitur
965 3596 1080 3659 Peliam
1096 3602 1183 3652 neca-
