2684 3942
192 326 239 376 122
609 323 655 374 UL
663 325 777 374 VSSES.

191 501 252 570 que
266 494 359 566 facte,
376 497 482 552 omnes
498 493 529 551 in
544 501 656 570 porces
672 493 778 552 subite
791 500 933 551 conversi
948 501 1029 551 sunt.
1063 492 1187 555 Interee

191 594 381 671 Eurylochus
406 602 531 670 ignarus
556 593 631 671 quid
654 593 687 651 in
710 593 839 652 aedibus
854 600 994 670 ageretur
1012 592 1052 651 ad
1075 592 1187 652 estium

191 694 338 765 sedebat,
361 703 524 770 postquam
545 702 649 753 tamen
665 693 705 751 ad
720 693 795 752 selis
809 702 955 751 occisum
976 692 1069 751 anxie
1084 691 1187 751 anime

190 803 221 852 et
237 792 369 852 sollicite
384 802 625 869 exspectaverat,
643 794 729 852 selus
751 793 791 851 ad
814 801 922 851 nivem
941 792 1061 869 regredi
1076 791 1188 852 censti-

190 892 256 952 tuit.
302 895 347 952 Ee
359 911 427 952 cum
437 893 581 966 venisset,
597 893 752 952 anxietate
764 902 802 951 ec
817 893 925 952 timere
937 892 981 951 ita
992 893 1187 968 perturbatus

189 992 248 1052 fuit
274 1002 315 1066 ut,
343 1012 422 1070 quae
448 992 585 1066 vidisset,
612 993 663 1051 vix
693 992 793 1052 liicide
823 1001 945 1051 nerraire
974 1003 1089 1070 posset.
1144 995 1187 1050 At

190 1093 298 1152 Ulixes
322 1093 398 1152 satis
422 1093 572 1152 intellexit
596 1093 697 1152 socies
721 1100 794 1151 sues
815 1092 846 1151 in
864 1093 1000 1169 pericule
1015 1101 1138 1165 versari,
1155 1101 1187 1151 et

190 1193 294 1269 gladie
318 1200 458 1270 correpte
480 1193 652 1271 Eurylochi)
673 1192 844 1268 imperavit,
860 1201 894 1250 ut
912 1192 979 1251 sine
1003 1200 1086 1251 more
1106 1192 1187 1251 viam

191 1293 231 1352 ad
257 1293 346 1352 istam
374 1293 499 1352 domum
529 1301 721 1352 menstreret.
769 1293 824 1352 Ille
854 1302 958 1351 tamen
987 1292 1091 1352 multis
1117 1311 1186 1351 cum

190 1392 324 1452 lacrimis
335 1392 459 1452 Ulixem
471 1394 650 1470 complexus
665 1394 828 1452 obsecrere
844 1393 954 1470 coepit,
969 1400 1008 1451 ne
1020 1393 1051 1451 in
1067 1402 1186 1451 tanturn

191 1493 358 1570 periculum
380 1500 413 1552 se
429 1493 649 1552 committeret:
675 1495 708 1552 Si
728 1493 803 1568 quid
822 1493 945 1570 gravius
960 1501 989 1551 ei
1011 1492 1184 1564 accidisset,

191 1592 327 1652 omnium
350 1594 479 1652 saltitem
501 1593 533 1651 in
555 1600 676 1652 summe
691 1593 867 1652 discrimine
889 1593 1032 1652 futuram.
1077 1592 1185 1651 Ulixes

191 1702 293 1752 autem
308 1693 467 1770 respondit
483 1701 516 1752 se
528 1693 683 1752 neminem
698 1693 828 1751 invitum
843 1700 947 1752 secum
964 1693 1164 1751 adductirrum
1179 1714 1185 1751 ε

191 1802 219 1851 ei
241 1792 341 1866 licere,
362 1800 388 1851 si
411 1792 523 1864 millet,
545 1793 576 1850 in
599 1801 671 1851 nevi
693 1800 835 1851 manere:
866 1800 899 1851 se
921 1792 1020 1868 ipsum
1039 1791 1106 1851 sine
1124 1791 1186 1850 irlle

191 1892 304 1951 auxilie
319 1910 383 1950 rem
398 1901 620 1968 susceptrirum.
666 1894 739 1951 Hec
750 1911 818 1950 cnm
835 1901 948 1969 migne
959 1900 1035 1951 vece
1047 1891 1184 1963 dixisset,

191 1999 207 2051 e
223 2000 295 2050 nevi
306 1991 430 2051 desiluit
445 2001 475 2051 et
491 1991 575 2051 nulle
590 2000 740 2069 sequente
756 1992 840 2051 selus
855 1991 887 2049 in
902 1991 983 2049 viam
998 1998 1032 2049 se
1048 1990 1141 2050 dedit.

470 2254 534 2313 154.
575 2242 636 2297 The
654 2242 778 2298 Counter
796 2242 909 2297 Charm.

232 2402 435 2478 Aliquantum
457 2402 575 2461 itineris
597 2410 778 2482 pregressus
801 2402 841 2460 ad
862 2402 966 2460 villam
991 2401 1185 2480 magnificam

190 2501 337 2578 pervenit,
362 2522 453 2578 quam
476 2521 546 2561 cum
568 2503 665 2561 oculis
692 2503 917 2579 perlustrasset,
942 2501 1047 2561 statim
1073 2501 1187 2560 intrere

191 2601 312 2661 statuit:
336 2601 486 2661 intellexit
509 2602 591 2661 enim
613 2602 694 2661 hanc
717 2621 786 2661 esse
808 2602 940 2660 eandem
956 2601 995 2660 de
1011 2610 1072 2679 que
1095 2604 1187 2679 Eury-

191 2701 298 2761 lochus
318 2702 507 2762 mentienem
522 2702 656 2769 iecisset.
703 2705 744 2760 At
760 2721 829 2760 cum
845 2702 876 2759 in
893 2709 930 2761 ee
946 2711 1030 2761 esset
1044 2711 1078 2761 ut
1093 2702 1186 2759 limen

190 2811 341 2873 transiret,
366 2802 469 2861 subite
493 2802 616 2860 obviam
639 2812 668 2860 ei
693 2802 778 2861 stetit
798 2802 981 2861 adulescens
1002 2801 1102 2860 ferme
1123 2801 1185 2878 pul-

190 2902 347 2975 cherrime,
374 2921 499 2960 aureum
524 2901 668 2960 baculum
694 2911 788 2961 manu
809 2909 930 2979 gerens,
977 2902 1039 2960 Hic
1063 2901 1186 2960 Ulixem

190 3001 250 3059 iam
272 3002 397 3060 domum
419 3001 584 3061 intrantem
608 3012 701 3060 mane
723 3001 870 3079 corripuit
892 3011 931 3076 et,
958 3002 1057 3075 “Que
1071 3000 1186 3060 ruis?'’

190 3100 298 3176 inquit,
330 3103 471 3161 “Nenne
501 3110 563 3160 scis
592 3102 674 3160 hanc
703 3102 904 3162 esseCirces
933 3102 1079 3161 domum?
1124 3102 1186 3160 Hic

190 3200 300 3258 inelirsi
317 3209 389 3259 sunt
412 3209 503 3259 amici
526 3210 579 3273 tui,
596 3220 634 3260 ex
656 3201 792 3261 hermene
815 3203 918 3279 specie
939 3203 971 3260 in
990 3209 1102 3279 porces
1117 3220 1186 3260 con·

190 3306 278 3356 versi.
334 3300 416 3356 Num
438 3307 484 3357 vis
507 3299 573 3375 ipse
595 3300 627 3358 in
650 3302 781 3360 eandem
804 3302 1008 3361 calamitatem
1029 3302 1186 3361 venire?''

191 3395 299 3454 Ulixes
315 3395 458 3480 simulec
473 3405 579 3457 vecem
596 3400 714 3458 audivit
728 3400 820 3459 deum
843 3402 1028 3461 Mercurium
1043 3401 1185 3479 egnevit:

190 3493 282 3550 nirllis
294 3504 398 3552 tamen
410 3496 553 3569 precibus
566 3498 605 3556 ab
618 3498 760 3558 instittite
769 3500 901 3560 censilie
913 3501 1059 3560 deterreri
1071 3501 1187 3577 potuit·

1180 3549 1187 3575 1

190 3590 274 3664 quod
289 3610 358 3649 cum
375 3593 546 3652 Mercurius
562 3596 720 3669 sensisset,
734 3597 861 3657 herbam
877 3599 1033 3676 quandam
1046 3608 1074 3659 ei
1089 3600 1186 3673 dedit,
