2684 3942
138 290 186 341 102
469 290 545 339 THE
568 289 723 339 ARGONA
729 289 805 340 UTS.

412 536 476 578 122.
516 523 578 579 The
595 523 719 593 Harpies
738 523 856 579 Beaten.

180 653 244 710 Res
267 649 359 728 igitur
382 649 414 707 in
437 650 497 709 hec
519 650 589 709 loce
604 659 700 722 erant,
717 669 785 709 cum
802 653 1001 728 Argonautae
1024 661 1132 711 nevem

137 751 329 828 appulerunt.
376 750 512 809 Phineus
536 760 646 823 autem,
665 750 756 809 simul
780 761 872 827 atque
893 751 1010 811 audivit
1027 760 1082 812 ees
1100 753 1130 810 in

137 859 210 911 suos
225 852 305 909 fines
317 858 460 927 egresses
476 869 554 922 esse,
568 859 754 928 megnopere
766 859 891 928 gevisus
905 860 963 911 est.
1008 852 1133 912 Sciebat

137 951 219 1010 enim
237 961 384 1027 quantam
407 950 585 1027 opinienem
610 950 731 1010 virtutis
758 953 956 1028 Argonautae
982 951 1132 1011 haberent

137 1069 195 1110 nee
207 1051 370 1110 dubitebat
382 1061 455 1126 quin
471 1040 530 1109 sibi
547 1050 690 1108 auxilium
706 1052 829 1110 ferrent.
875 1051 1024 1110 Nuntium
1040 1051 1132 1129 igitur

138 1151 175 1210 ad
192 1159 302 1210 nevem
313 1151 404 1222 misit,
416 1160 469 1227 qui
486 1153 628 1209 lesonem
639 1151 803 1227 sociosque
816 1152 856 1210 ad
865 1151 980 1228 regiam
995 1160 1129 1211 voceret.

138 1253 184 1310 Ee
194 1269 264 1309 cum
273 1250 439 1323 venissent,
449 1251 585 1309 Phineus
595 1251 817 1310 demonstrevit
828 1258 944 1328 quante
953 1252 984 1309 in
995 1250 1131 1327 perieule

137 1369 211 1410 suae
234 1357 283 1409 res
305 1359 410 1409 essent
432 1359 463 1408 et
485 1350 624 1426 promisit
643 1358 676 1409 se
699 1359 810 1428 magna
831 1351 968 1427 praemia
990 1352 1131 1411 daturum

136 1470 215 1523 esse,
234 1456 260 1510 si
275 1450 318 1508 illi
333 1450 500 1509 remedium
516 1450 712 1526 reperissent.
761 1453 958 1528 Argonautae
973 1452 1129 1530 negetium

137 1550 268 1610 libenter
282 1557 483 1626 susceperunt
499 1559 529 1608 et
545 1550 598 1608 ubi
613 1550 690 1609 hera
702 1550 794 1622 venit,
813 1570 881 1610 cum
897 1559 970 1628 rege
983 1552 1131 1612 accubue

136 1661 223 1723 runt,
247 1660 278 1709 at
293 1651 383 1709 simul
398 1659 435 1709 ec
451 1658 528 1709 cena
546 1650 688 1728 apposita
708 1661 764 1721 est,
781 1651 938 1729 Harpyiae
951 1652 1131 1711 eeneculum

137 1751 326 1810 intraverunt
352 1761 383 1809 et
408 1751 510 1809 cibum
537 1738 656 1809 auferre
682 1753 884 1811 eonebantur.
911 1754 1131 1845 ⁸Argonautae

137 1860 267 1926 primum
276 1851 387 1928 gladiis
398 1851 537 1910 volucres
546 1852 714 1928 petierunt;
730 1870 799 1910 cum
809 1861 912 1910 tamen
921 1852 1131 1912 viderenthec

137 1950 213 2008 nihil
236 1951 393 2027 predesse,
410 1953 498 2009 Zetes
514 1960 544 2009 et
561 1950 675 2024 Calais,
695 1960 748 2028 qui
769 1952 826 2010 elis
842 1960 982 2011 instincti
1001 1962 1082 2025 sunt,
1099 1952 1134 2010 in

136 2059 208 2110 {tera
237 2058 270 2109 se
300 2051 545 2122 sublevaverunt,
576 2060 610 2109 ut
639 2051 772 2128 desuper
808 2051 954 2129 impetum
983 2052 1132 2112 facerent.

138 2150 232 2224 Quod
246 2170 315 2209 cum
339 2151 512 2209 sensissent
535 2151 701 2227 Harpyiae,
719 2161 763 2210 rei
786 2152 922 2211 novitete
943 2152 1131 2228 perterritae,

137 2250 241 2309 statim
256 2250 439 2328 aufugerunt
454 2268 554 2326 neque
574 2259 685 2327 postee
701 2270 845 2328 umquam
860 2251 1025 2312 redierunt.

431 2463 495 2522 1²3·
535 2450 596 2507 The
616 2450 836 2524 Symplegades.

180 2577 252 2636 Hee
276 2577 368 2649 laete,
399 2576 543 2650 Phineus,
571 2586 610 2653 ut
628 2585 684 2655 pre
709 2584 797 2637 tante
825 2577 978 2638 beneficis>
1006 2578 1130 2638 merites

136 2677 251 2754 greties
267 2678 401 2751 referret,
422 2680 526 2736 lesoni
541 2677 764 2737 demonstravit
779 2687 839 2754 que
861 2677 979 2738 ratiene
997 2680 1131 2758 Symple-

136 2777 233 2854 gades
262 2786 357 2836 vitere
387 2787 502 2854 posset.
548 2777 769 2855 Symplegades
798 2787 902 2838 autem
932 2779 1011 2838 duae
1043 2787 1131 2839 erant

138 2884 227 2954 rupes
251 2876 369 2954 ingenti
391 2876 611 2954 megnitirdine,
629 2896 709 2953 quae
724 2887 742 2936 e
760 2880 832 2937 love
856 2878 974 2955 positae
991 2889 1078 2937 erant
1093 2887 1131 2939 ee

137 2976 275 3048 censilie,
303 2984 342 3035 ne
366 2977 434 3053 quis
461 2977 501 3035 ad
529 2976 680 3036 Colchida
703 2987 885 3053 perveniret.
940 2981 1010 3038 Hae
1035 2987 1130 3055 parve

137 3076 298 3135 intervallo
314 3076 344 3132 in
361 3085 436 3133 mari
451 3077 602 3136 natabant
617 3087 656 3150 et,
671 3076 784 3153 siquid
800 3077 830 3134 in
847 3077 981 3136 medium
997 3079 1129 3155 spatium

137 3183 270 3246 venerat,
295 3174 468 3233 incredibili
492 3177 648 3236 celeritete
675 3177 908 3236 concurrebant.
962 3181 1129 3255 Postquam

137 3274 228 3351 igitur
249 3283 268 3333 e
291 3275 410 3333 Phinee
426 3274 536 3334 doctus
559 3285 606 3334 est
628 3276 703 3352 quid
725 3276 903 3336 faciendum
926 3289 1017 3352 esset,
1036 3281 1130 3339 lesen

138 3373 267 3432 subletis
283 3383 403 3432 ancoris
419 3384 529 3433 nivem
545 3375 683 3434 solvitet
699 3377 760 3436 leni
775 3385 868 3437 vente
883 3385 1045 3454 provectus
1061 3398 1132 3438 mox

138 3473 178 3529 ad
209 3472 427 3549 Symplegades
454 3476 729 3551 appropinquavit:
767 3486 832 3535 tum
861 3477 892 3535 in
924 3486 1014 3554 prere
1044 3488 1131 3538 stains

137 3570 310 3630 columbam
327 3591 418 3648 quam
443 3572 474 3629 in
499 3584 592 3632 manu
611 3576 739 3635 tenebat
754 3577 863 3637 emisit.
911 3579 969 3637 Illa
984 3586 1067 3639 reete
1082 3579 1132 3639 vie
