2684 3942
547 309 787 358 ANECDOTES.

461 487 508 528 22.
549 474 610 529 The
629 474 750 529 Miser's
770 449 869 530 Shoes.

212 586 321 654 Senex,
352 583 476 643 nemine
507 583 637 657 Abulus,
668 585 755 643 dives
785 585 841 643 sed
873 593 992 658 averus,
1022 594 1166 662 antiques
1230 578 1233 585 ⁴

168 684 372 760 sordidisque
387 691 490 743 vestes
509 684 646 761 gerebat.
691 684 808 744 Omnes
830 693 914 744 cives
935 688 1167 763 cegnescebant

167 791 325 861 panneses
353 792 436 842 averi
465 783 595 843 calcees.
642 777 724 843 elim
755 804 849 843 senex
878 786 1002 845 lavebat
1030 787 1167 846 membra

168 884 251 961 apud
266 883 405 960 pirblices
421 884 566 942 thermis,
612 885 703 943 Ferte
718 884 764 942 vir
779 884 901 944 iocesus
917 886 1018 944 locum
1037 886 1167 946 intreve·

167 992 223 1043 rat.
268 983 332 1042 Ubi
347 982 432 1042 videt
443 991 628 1042 vestimenta
638 983 740 1057 Abuii,
753 985 819 1043 sine
832 994 917 1044 more
933 995 1030 1044 mutat
1045 987 1167 1046 calceris

167 1083 251 1142 senis
267 1092 352 1142 averi
367 1102 436 1141 cum
454 1092 614 1159 purpureis
634 1084 728 1143 soleis
748 1076 894 1144 censulis.
940 1084 1035 1165 (Nam
1058 1086 1167 1145 censul

167 1184 282 1243 ibidem
297 1183 376 1242 terte
393 1190 426 1241 se
441 1183 589 1263 lavebat.)
636 1185 711 1243 Mox
727 1185 848 1244 Abulus
868 1205 906 1243 ex
928 1194 1008 1262 aque
1029 1187 1165 1264 emergit.

169 1282 301 1342 Nescius
322 1282 449 1355 fraudis,
473 1283 521 1341 dis
544 1282 608 1359 agit
629 1283 744 1359 greties
770 1291 826 1361 pre
851 1291 939 1344 tante
964 1285 1120 1358 miraculi),
1136 1295 1167 1344 et

168 1402 238 1442 cum
264 1391 425 1459 purpureis
455 1383 548 1441 soleis
578 1382 717 1442 discedit.
777 1387 819 1442 At
848 1385 901 1443 ubi
933 1387 1041 1444 censui
1073 1386 1167 1445 sentit

167 1478 282 1536 fiutum
312 1486 343 1535 et
372 1476 531 1554 cegnescit
560 1478 682 1536 calcees
705 1479 807 1551 Abuli,
834 1479 885 1537 vix
913 1479 1052 1538 continet
1081 1489 1165 1540 iram.

170 1569 313 1647 Denique
329 1568 444 1629 invitus
457 1570 568 1629 foedes
584 1571 706 1631 calcees
722 1571 830 1631 induit.

234 1674 336 1737 vestre,
353 1686 391 1734 17,
406 1686 426 1721 1·
760 1676 935 1741 vestimenta,
948 1675 981 1724 cf.
993 1681 1076 1725 vestis.

235 1758 356 1822 gerebat,
373 1770 410 1820 19,
424 1770 447 1804 2.
761 1758 844 1824 senis,
860 1773 898 1816 20,
911 1773 934 1821 7.

235 1844 348 1908 incisus,
364 1856 401 1907 19,
416 1855 437 1908 5.
760 1842 803 1893 dis
817 1878 824 1892 .
839 1878 847 1892 .
861 1879 868 1892 .
882 1842 995 1907 gratius,
1012 1857 1048 1907 13,
1064 1857 1100 1891 12.

236 1927 293 1992 ubi,
310 1940 347 1984 12,
363 1941 384 1990 3.
760 1924 855 1990 sentit,
872 1938 908 1983 12,
924 1939 961 1975 10.

367 2105 415 2164 23.
455 2092 516 2147 The
535 2091 655 2146 Miser's
675 2089 975 2145 sines—continued.

212 2201 364 2262 Postridie
376 2201 499 2261 licteres
511 2202 637 2260 trahunt
649 2200 785 2259 Abulum
798 2200 880 2276 apud
892 2199 1059 2273 mensulem,
1073 2209 1166 2276 atque

169 2303 325 2361 hominem
354 2303 427 2361 finti
457 2310 612 2360 accirsant.
670 2293 785 2358 infelix
814 2299 934 2358 Abulus
964 2300 1067 2359 multis
1096 2320 1165 2359 cum

169 2402 302 2461 lacrimis
317 2401 437 2460 veniam
453 2400 657 2477 imprudentis
679 2399 752 2457 facti
774 2407 849 2472 erat,
867 2409 898 2458 at
919 2400 1040 2459 frustre.
1086 2402 1166 2458 Nam

170 2502 279 2562 censui
304 2510 414 2578 aspere
439 2509 524 2573 vince,
543 2499 708 2576 “Delige‚’'
725 2499 832 2576 inquit,
854 2500 974 2571 “lictor‚
999 2499 1038 2558 ad
1063 2500 1166 2576 pilum

169 2601 283 2658 malum
304 2600 419 2671 inrem3
450 2600 578 2658 verbere
600 2609 719 2673 tergum
742 2606 842 2656 saevis
860 2597 983 2674 virgis.”
1029 2601 1167 2657 Licteres

169 2700 254 2758 haud
275 2700 363 2758 inviti
386 2709 510 2758 sumunt
532 2718 673 2776 poenam,
691 2698 874 2774 calceesque
895 2697 998 2757 Abule
1024 2698 1165 2757 reddunt.

171 2799 290 2858 Abulus
316 2800 367 2858 vix
393 2798 486 2858 trahit
508 2796 652 2858 mi'serum
680 2817 789 2875 corpus
814 2798 854 2855 ad
879 2797 993 2856 flumen
1010 2800 1167 2879 (megnum

170 2899 284 2958 flumen
300 2907 362 2958 nen
377 2899 483 2977 procul
507 2900 637 2979 aberat).
682 2899 762 2956 Tum
785 2897 944 2971 exclamat,
963 2900 1167 2975 “Numquam

171 3000 289 3072 iterum,
306 3000 444 3058 infelices
461 2999 565 3073 calcei,
583 2998 741 3058 dominum
755 2997 922 3075 perdetis.''
968 2999 1046 3057 Inde
1069 3018 1167 3076 aquae

170 3098 293 3159 calcees
309 3100 480 3159 committit.

237 3199 362 3263 trahunt,
378 3212 415 3256 12,
429 3198 452 3247 6.
763 3197 855 3263 inviti,
871 3212 961 3256 20,10.

238 3279 316 3347 furti,
330 3296 354 3342 4.
367 3296 390 3342 4·
762 3283 884 3347 admunt,
899 3296 938 3340 21,
951 3296 974 3345 9.

237 3365 355 3430 reniam,
372 3377 409 3429 15,
425 3378 445 3429 5.
762 3366 863 3430 procul,
876 3367 954 3429 longi.

238 3448 320 3513 haud,
334 3453 392 3496 nin.
762 3460 920 3513 numquam,
934 3447 966 3496 cf.
981 3461 1019 3505 21,
1035 3461 1072 3495 11.

238 3545 345 3597 aspera,
359 3546 419 3594 opp.
433 3532 510 3578 mitis.
762 3531 833 3596 inde,
847 3538 909 3578 tum.
998 3589 1000 3593 ,
