2684 3942
567 322 613 370 UL
621 323 735 370 l'SSES.
1101 319 1146 370 121

154 486 310 565 suscipere
328 487 428 548 vellet.
474 488 562 563 Quae
578 508 647 548 cum
670 488 714 547 ita
728 498 841 562 essent,
857 496 907 549 res
922 489 962 548 ad
976 497 1149 548 controver-

154 586 231 645 siam
257 587 404 646 deducta¹
420 597 476 648 est.
520 590 660 647 Tandem
691 589 799 649 Ulixes
828 596 984 648 censensu
1012 588 1148 647 omnium

110 741 113 747 .
154 686 256 747 socies
279 687 312 745 in
335 688 413 749 dues
436 695 539 765 partes
564 688 676 762 divisit,
694 698 823 765 querum
839 689 926 748 alteri
947 688 1146 767 Eurylochus,

153 786 199 847 vir
224 806 361 846 summae
386 787 514 860 virtutis,
540 789 625 847 alteri
649 789 716 866 ipse
740 798 917 865 praeesset:
947 797 1012 846 tum
1034 788 1067 846 hi
1086 788 1148 847 duo

153 886 232 946 inter
256 894 290 946 se
315 896 414 947 sortiti
438 897 519 960 sunt,
542 896 610 947 uter
635 888 667 946 in
689 897 800 947 terram
826 888 1029 966 egrederetur.
1076 888 1148 946 Hec

152 987 244 1058 facte,
267 988 440 1065 Eurylochi>
464 997 546 1047 sorte
568 987 679 1061 evenit,
701 997 735 1048 ut
754 1007 824 1047 cum
847 988 969 1047 duebus
989 996 1021 1046 et
1039 986 1148 1065 viginti

152 1086 245 1145 sociis
259 1105 323 1147 rem
338 1087 516 1164 susciperet.

340 1298 404 1357 15²·
445 1286 506 1342 The
523 1285 620 1342 House
637 1285 669 1341 of
687 1288 738 1342 the
756 1285 964 1342 Enchnntress.

196 1430 256 1488 His
280 1429 371 1488 rebus
397 1429 440 1488 ita
463 1429 646 1502 constitistis,
671 1429 692 1487 ii
718 1439 770 1504 qui
797 1438 878 1494 sorte
900 1429 984 1487 ducti
1006 1437 1093 1488 erant
1114 1429 1146 1488 in

152 1527 327 1588 interierem
350 1538 470 1606 partem
490 1528 608 1588 insulae
625 1513 764 1605 ¹profecti
783 1538 864 1587 sunt.
908 1530 1028 1588 Tantus
1043 1537 1146 1588 tamen

152 1627 242 1687 timor
258 1628 376 1688 animes
392 1636 497 1688 ebrum
511 1636 723 1705 occupeverat,
741 1637 774 1687 ut
788 1627 864 1687 nihil
880 1627 1057 1687 dubitarent
1072 1637 1146 1703 quin

152 1737 243 1786 morti
265 1728 387 1786 obviam
410 1737 507 1787 irent:
530 1728 581 1786 vix
603 1727 728 1803 quidem
750 1709 893 1804 poterant
914 1727 935 1784 ii
950 1736 1003 1803 qui
1022 1727 1054 1784 in
1076 1736 1146 1786 nevi

152 1827 250 1887 relicti
274 1837 361 1887 erant
386 1827 527 1887 lacrimes
550 1835 672 1887 tenere:
696 1827 865 1886 credebant
883 1827 965 1885 enim
989 1834 1022 1886 se
1046 1827 1146 1886 socies

152 1935 225 1987 sues
250 1946 407 2004 nunquam
434 1927 542 1987 iterum
565 1934 693 1986 visores
750 1928 799 1985 Illi
825 1936 926 1986 autem
956 1926 1146 2003 aliquantum

152 2027 268 2087 itineris
283 2035 438 2105 pregressi
454 2028 493 2086 ad
508 2028 610 2085 villam
626 2026 782 2103 quandam
797 2034 1011 2103 pervenerunt,
1028 2035 1146 2086 summe

152 2127 380 2205 magnificentie
393 2127 586 2187 aedificetam
599 2151 605 2186 ε
629 2127 716 2186 citius
731 2127 771 2185 ad
780 2126 892 2186 estium
905 2145 974 2185 cum
987 2126 1144 2198 adiissent,

152 2246 275 2286 carmen
290 2226 501 2287 dulcissimum
517 2227 708 2286 audiverunt.
754 2227 856 2285 Tanta
878 2235 979 2285 autem
1000 2226 1059 2286 fuit
1080 2225 1146 2285 eius

152 2327 237 2386 vocis
252 2327 393 2399 dulcedi),
404 2336 438 2386 ut
450 2327 532 2386 nolle
547 2326 640 2386 modo
655 2326 780 2386 retineri
794 2335 922 2403 possent
934 2335 1006 2401 quin
1024 2326 1146 2384 ienuam

152 2427 319 2502 pulserent.
365 2428 436 2486 Hec
460 2427 554 2500 facte,
571 2426 639 2502 ipsa
662 2425 751 2485 Circe
770 2419 950 2485 ioris'exiit
973 2434 1004 2483 et
1028 2433 1146 2484 summe

153 2545 222 2585 cum
232 2526 422 2603 benignitete
434 2533 541 2585 omnes
552 2526 585 2584 in
596 2525 764 2602 hospitium
776 2525 925 2584 invitevit.
957 2524 1146 2602 Eurylochus

152 2626 280 2685 insidies
296 2634 466 2702 comparari
486 2625 661 2703 suspicetus
682 2625 757 2684 ioris
773 2633 952 2701 exspectare
968 2623 1146 2683 censtituit:

152 2735 184 2784 at
209 2726 318 2801 reliqui
343 2734 387 2784 rei
412 2725 548 2784 novitete
571 2725 698 2784 adducti
721 2725 918 2784 intraverunt.
963 2723 1146 2783 Conuiuium

152 2825 348 2903 magnificum
360 2824 542 2884 invenerunt
552 2825 695 2883 omnibus
705 2825 797 2883 rebus
808 2833 1006 2895 instructum3
1022 2832 1053 2887 et
1063 2822 1147 2882 iiissir

152 2924 295 2984 dominae
311 2924 512 2984 libentissime
528 2925 746 2983 accubuerunt.
791 2927 833 2983 At
846 2924 934 2983 Circe
946 2932 1051 2982 vinum
1063 2924 1147 2998 quod

152 3032 233 3084 servi
245 3031 455 3101 apposuerunt
470 3024 695 3083 medicamento
707 3024 842 3099 quedam
854 3022 1036 3082 miscuerat:
1063 3023 1146 3099 quod

152 3142 222 3182 cum
237 3123 281 3182 illi
295 3122 457 3196 bibissent,
472 3132 559 3200 gravi
573 3130 684 3200 sopore
700 3123 803 3181 subite
818 3130 958 3200 oppressi
973 3130 1053 3181 sunt.

415 3354 478 3413 153.
519 3340 587 3397 Men
606 3342 738 3412 changed
756 3346 787 3396 to
807 3341 889 3411 Piga

193 3486 273 3543 Tum
303 3484 400 3556 Circe,
428 3504 507 3561 quae
537 3485 610 3544 artis
639 3484 777 3562 magicae
807 3480 956 3544 summam
985 3481 1146 3542 scientiam

154 3584 296 3656 habebat,
309 3584 420 3643 bacule
443 3592 536 3644 auree
552 3586 635 3661 quod
649 3586 777 3662 gerebat
791 3585 893 3660 capita
908 3591 1013 3642 eorum
1029 3580 1145 3656 tetigit:
