2684 3942
151 268 183 323 70
532 274 771 322 ANECDOTES.

150 440 254 517 gladie
283 449 377 499 smum
406 447 423 499 e
449 440 620 499 latronibus
646 440 817 511 transfixit3
854 448 886 498 at
911 458 1015 500 comes
1041 438 1148 499 infelix

151 539 253 599 subito
281 539 397 617 impetu
423 540 619 617 perturbatus
644 549 663 599 e
688 539 859 599 latrenibus
885 539 1065 600 interfectus
1091 549 1146 599 est.

150 641 230 698 Tum
245 647 298 700 rex
312 648 358 699 ire
373 649 403 699 et
423 641 537 700 dolore.
551 640 706 713 incensus
720 640 803 717 quod
824 640 960 717 gladium
982 647 999 699 e
1020 659 1148 717 corpore

150 739 278 800 latronis
307 739 462 799 interfecti
491 741 652 800 detrahere
678 748 741 799 non
766 748 895 816 poterat,
921 740 991 798 tace
1016 740 1146 812 ardenti,

151 859 242 917 quam
272 847 289 901 e
313 840 385 900 foce
411 840 608 917 corripuerat,
635 840 760 899 alterius
786 839 914 898 latrenis
940 849 1032 916 caput
1056 839 1146 898 elisit.

151 941 244 1014 Quod
260 940 312 1000 ubi
328 940 412 1000 videt
426 941 543 1013 tertius
561 949 658 999 morte
679 940 824 999 comitum
844 940 1022 1016 perterritus
1042 940 1146 1017 fugam

150 1040 289 1100 tentevit.
334 1043 402 1099 Nec
428 1049 531 1099 tamen
557 1048 574 1099 e
599 1039 736 1117 periculo
765 1039 871 1112 evesit,
895 1046 947 1098 rex
976 1038 1057 1099 enim
1087 1039 1147 1098 iam

150 1149 284 1200 armatus
298 1140 402 1219 gladio
418 1148 480 1217 que
495 1150 630 1200 occisum
646 1141 795 1200 latronem
816 1139 1010 1216 spoliaverat,
1026 1134 1147 1198 hostem

150 1241 319 1319 fugientem
333 1242 454 1300 mortali
469 1240 592 1301 volnere
608 1240 752 1301 centeeit.

217 1374 372 1441 destrinxit,
385 1375 481 1423 eduxit.
674 1350 895 1438 elisit,frd2·'t‚65,
910 1386 947 1438 13.

217 1460 362 1523 certemen,
372 1463 472 1520 prigna.
674 1457 773 1522 evenit,
785 1457 880 1520 effagit.

486 1734 534 1794 79.
573 1722 600 1777 A
619 1721 709 1778 Lover
730 1721 809 1778 Lost.

192 1883 281 1956 Galli,
299 1890 351 1959 qui
370 1882 530 1942 audeciam
552 1883 678 1942 meximi
700 1881 913 1954 aestimabant,
929 1881 1063 1941 iererum
1085 1899 1147 1941 cer-

150 1983 316 2042 taminibus
347 1983 474 2041 multum
504 1982 744 2042 delectabantur.
791 1982 968 2058 Aliquande
996 1989 1049 2040 rex
1077 2000 1147 2040 cum

150 2092 263 2161 migne
293 2091 415 2143 caterve
445 2083 593 2142 nebilium
622 2082 845 2158 mulierumque
877 2082 1027 2141 claretum
1058 2081 1147 2141 ludes

150 2183 314 2242 sollemnes
331 2182 507 2259 aspiciebat.
553 2183 715 2256 Quaedam
727 2201 765 2240 ex
778 2181 835 2255 his,
850 2201 929 2258 quae
944 2190 1050 2258 sponsi
1065 2181 1148 2241 torti·

149 2283 286 2342 tudinem
301 2291 420 2342 tentere
432 2282 534 2355 voluit,
548 2301 673 2342 aureum
688 2291 827 2358 torquem
843 2281 954 2341 deiecit
969 2282 1000 2340 in
1015 2282 1147 2340 mediam

149 2383 379 2458 harenamque
400 2382 449 2441 leo
471 2382 580 2459 ingens
603 2401 672 2441 cum
694 2382 817 2441 duobus
839 2381 969 2459 tigribus
992 2390 1147 2441 certamen

150 2482 331 2542 acerrimum
348 2483 466 2560 agebat.
513 2483 588 2540 “Tu
604 2481 759 2557 quidem‚”
775 2481 882 2558 inquit,
901 2489 955 2540 “si
971 2481 1046 2558 quid
1066 2481 1098 2540 in
1117 2487 1147 2539 te

150 2583 263 2642 residet
286 2582 397 2642 amoris
423 2590 495 2659 erge
524 2589 581 2654 me,
612 2591 751 2657 torquem
780 2581 855 2640 mihi
884 2589 901 2640 e
929 2582 1003 2641 feris
1032 2581 1146 2658 eripe.''

151 2681 260 2741 Statim
276 2681 395 2741 iuvenis
410 2682 458 2740 his
474 2681 575 2740 verbis
590 2689 740 2742 accensus
760 2681 793 2739 in
813 2682 957 2740 harenam
978 2688 1011 2740 se
1033 2681 1147 2757 praeci·

149 2781 278 2859 pitavit;
305 2782 383 2841 saltu
399 2782 491 2840 alacri
506 2791 645 2857 torquem
661 2780 763 2858 rapuit
777 2805 784 2854 ;
814 2790 897 2841 tritus
919 2800 989 2839 cum
1010 2781 1147 2858 praemio

149 2881 247 2941 rediit.
292 2883 372 2940 Tum
388 2882 446 2954 ille,
463 2882 536 2940 dum
555 2888 661 2940 omnes
681 2882 797 2941 lactum
817 2882 975 2957 plaudunt,
992 2900 1061 2939 cum
1085 2889 1147 2939 riso

150 2982 189 3039 ad
211 2981 307 3058 pedes
329 2981 456 3058 virginis
479 2981 610 3040 crudelis
633 2991 772 3057 torquem
798 2980 935 3057 proiecit.
981 2982 1058 3039 “Tu
1084 2980 1147 3056 qui-

149 3081 250 3153 dem,''
267 3080 374 3157 inquit,
394 3088 520 3139 “meam
539 3090 631 3139 vitam
654 3080 772 3139 minimi
794 3062 948 3152 habuisti;
981 3099 1038 3157 ego
1060 3089 1146 3139 tuum

150 3181 314 3240 amerem.’'

215 3328 319 3393 sponsi,
333 3328 365 3376 ct.
379 3342 418 3391 29,
433 3340 454 3392 5.
672 3330 802 3394 praemit,
810 3331 911 3392 palma,
926 3329 964 3395 58,
977 3329 1000 3379 6.

215 3410 321 3474 deiecit,
336 3410 374 3473 38,
387 3424 425 3459 ιο.
671 3412 796 3478 ρτόίόοἰῐ,
811 3425 849 3478 52,
861 3412 884 3462 8.

215 3493 308 3556 alacri,
322 3493 403 3541 celeri.
672 3495 804 3560 habuisti,
816 3498 989 3545 aestimavisti.

1335 2176 1337 2251 l

1336 2744 1338 2817 l
