2684 3942
154 301 188 352 38
531 300 771 350 ANECDOTES.
867 308 868 311 ’

155 473 235 529 Tum
257 470 359 529 miseri
381 476 524 546 parentos
546 487 610 528 rem
632 468 798 527 terribilem
818 467 947 547 ¹vident;
985 487 1056 527 nam
1084 469 1151 546 ipse

154 569 286 629 dohiscit
300 577 388 629 mons
404 578 434 628 et
449 569 598 628 immonso
613 568 700 627 hiato
714 576 809 627 totam
825 587 949 627 manum
965 568 1084 645 accipit.

220 702 353 763 laetitiae,
368 715 407 766 37,
420 701 443 751 6.
719 701 809 763 fidem,
823 702 862 766 36,
878 716 899 767 5.

220 787 330 846 tibicen,
345 785 377 834 ci.
390 786 485 843 tibiam,
498 799 538 846 41,
550 799 573 849 9.
720 785 840 848 corripit,
855 785 895 849 36,
908 799 931 833 2.

137 892 139 895 ·
221 871 353 935 expertos,
367 869 473 918 liberati.
720 869 816 934 agunt,
831 881 869 933 37,
884 882 905 916 2.

436 1064 484 1123 43.
525 1051 639 1121 Cnught
657 1050 698 1122 by
716 1052 767 1106 the
786 1051 866 1106 Tide.

197 1195 355 1267 Commius,
388 1198 550 1255 Icenorum
583 1202 643 1268 rox,
674 1195 764 1271 longo
794 1194 960 1271 sapientior
989 1205 1054 1253 erat
1083 1194 1150 1254 aliis

155 1296 287 1373 rogibus.
347 1295 449 1354 Huius
485 1294 557 1354 olim
593 1301 668 1370 opos
698 1304 729 1353 et
759 1295 971 1354 auctoritatem
1003 1303 1082 1354 onus
1112 1314 1150 1354 ex

155 1394 403 1455 adsentatoribus
431 1395 491 1453 hoc
520 1395 612 1453 modo
637 1394 792 1453 laudobat.
847 1395 1017 1463 “Nonne'’
1041 1394 1149 1470 inquit,

158 1502 175 1529 “
184 1502 238 1554 rox
252 1503 371 1572 mogne,
388 1504 419 1553 et
433 1513 515 1553 mare
530 1503 649 1553 vostum
665 1504 696 1553 et
711 1494 826 1553 celeres
840 1503 924 1553 venti
939 1504 991 1553 tua
1005 1495 1150 1553 mandota

155 1595 353 1672 peragunt?'’
404 1596 472 1653 Rox
495 1593 570 1652 nihil
592 1594 752 1670 respondit
773 1594 828 1654 sed
849 1602 972 1671 postero
994 1594 1044 1654 dio
1066 1595 1150 1654 iusso

155 1695 222 1754 eius
244 1703 323 1754 servi
345 1694 384 1753 ad
405 1694 477 1753 litus
499 1693 683 1752 maritimum
704 1693 813 1753 solium
829 1694 992 1753 dodocunt.
1038 1696 1075 1752 In
1090 1696 1150 1754 hoc

156 1795 382 1854 adsentotorem
397 1794 478 1853 locat
492 1803 523 1853 et
538 1794 603 1871 ipse
619 1793 651 1851 in
667 1803 741 1871 rope
757 1803 818 1853 stat
831 1803 1013 1870 propinquo.
1060 1796 1150 1854 Forte

156 1904 258 1954 aestus
274 1914 311 1953 ex
327 1894 388 1954 alto
403 1901 436 1954 so
452 1893 608 1953 incitobat.
653 1895 734 1951 Tum
752 1900 812 1967 rex,
831 1900 849 1928 “
860 1894 1025 1966 Recurre,''
1041 1893 1148 1970 inquit,

158 2001 267 2054 “mare
283 1995 466 2071 superbum;
490 2001 593 2053 nonne
608 2003 641 2053 to
656 2013 744 2052 meus
762 2013 868 2054 servus
884 1996 938 2053 es?
983 1995 1045 2053 Cor
1060 1994 1151 2072 igitur

155 2104 200 2154 tui
221 2095 330 2154 floctos
352 2094 485 2153 audocos
507 2113 608 2154 meum
630 2094 740 2153 solium
761 2094 803 2153 ita
818 2094 981 2153 violant?'’
1027 2094 1150 2153 Floctirs

155 2205 258 2253 tamen
273 2194 357 2254 surdi
369 2194 513 2252 mandata
525 2194 609 2272 rogia
624 2201 687 2252 non
703 2193 870 2252 audiobant
885 2194 940 2253 sed
956 2201 988 2253 so
1004 2193 1035 2251 in
1051 2194 1150 2270 ipsum

156 2294 265 2354 solium
283 2294 422 2353 inlidunt.
467 2295 548 2352 Tum
568 2300 629 2366 rex,
649 2300 665 2327 “
677 2295 778 2352 Nemo
801 2293 860 2352 nisi
884 2295 970 2353 Deus
991 2293 1151 2371 imperium

66 2378 68 2383 ⁸
156 2394 249 2453 maris
264 2395 378 2454 tenet.’'
625 2376 627 2380 Ι

222 2529 251 2579 et
269 2564 276 2578 .
297 2564 304 2578 .
325 2564 332 2578 .
352 2529 389 2591 et,
403 2541 442 2591 39,
455 2541 482 2588 7;
499 2526 522 2585 8,
537 2540 559 2591 5.
723 2527 829 2591 postero
841 2526 895 2592 dio,
903 2528 1035 2589 postridie,
1048 2540 1087 2592 37,
1103 2541 1123 2574 r.

223 2612 362 2675 moin,
371 2610 404 2659 cf.
413 2611 555 2668 mandavit,
564 2609 603 2674 36,
611 2624 635 2671 4.
721 2610 829 2674 solium,
844 2624 883 2674 30,
897 2624 919 2658 2.

223 2695 365 2760 peragunt,
380 2693 418 2751 26,
430 2693 454 2743 8.
722 2693 883 2759 propinquo,
896 2699 988 2751 vicina,
1001 2707 1040 2758 37,
1055 2707 1077 2741 2.

386 2890 434 2945 44.
473 2875 558 2931 Rollo
577 2875 633 2930 and
652 2876 703 2930 the
722 2875 792 2930 Two
812 2874 934 2931 Sticke.

200 3018 293 3095 Apud
315 3019 452 3077 Graecos
474 3025 637 3093 scriptores
659 3019 719 3078 hoc
741 3017 914 3077 invenimus
944 3018 982 3078 do
1012 3020 1151 3092 Rollone‚

158 3138 235 3179 cane
257 3118 464 3177 callidissimo.
510 3118 667 3195 Magister,
688 3118 761 3177 dum
784 3118 850 3195 ipse
874 3118 1017 3192 ambulat,
1034 3138 1154 3195 semper

158 3228 228 3278 cani
243 3217 346 3277 comiti
362 3217 531 3293 scipionem
547 3237 635 3276 suum
651 3227 790 3277 auritum
803 3218 1020 3278 committebat.
1060 3220 1154 3278 Hunc

160 3318 250 3377 Rollo
286 3317 419 3394 superbo
451 3324 502 3376 ore
532 3336 586 3392 per
615 3325 701 3377 vicos
736 3319 870 3395 gerebat.
931 3320 1021 3378 Forte
1051 3328 1154 3378 tamen

159 3416 303 3493 magister
331 3423 386 3491 pro
416 3414 553 3491 scipione
583 3424 690 3475 aurito
719 3418 862 3476 baculum
896 3418 988 3477 somit
1020 3419 1155 3496 ligneum

160 3516 255 3575 altero
269 3515 397 3591 turpius.
443 3516 515 3574 Hoc
531 3523 614 3575 more
629 3523 687 3575 suo
702 3525 772 3575 cani
790 3517 966 3576 committit.¹
1006 3521 1048 3576 At
1063 3519 1155 3579 Rollo
