2684 3942
527 270 766 351 Anecnorns.

409 492 456 570 98.
484 501 557 555 How
576 506 607 557 to
625 501 694 571 pick
712 501 880 557 comanuts.

190 625 258 687 Taili
272 627 409 704 pericule
425 627 467 685 ita
483 627 628 687 liberetus
641 628 738 687 Sinen
750 629 823 687 dum
839 647 894 705 per
908 627 1015 687 silvam
1031 630 1143 704 pedem

148 729 251 801 refert,
272 727 494 787 merceteribus
517 727 648 786 occurrit
671 728 880 805 complriribus
906 738 959 806 qui
985 729 1025 787 ad
1049 737 1143 788 nuces

148 830 320 905 carpendis
336 829 430 887 ibant.
473 829 551 886 Cum
567 828 616 887 his
632 835 665 887 se
681 828 806 906 iungere
822 829 991 889 censtituit.
1029 831 1142 901 Nuces,

149 947 228 1005 quae
252 937 379 986 summis
403 928 496 986 modo
520 936 612 986 remis
639 928 825 1004 dependent,
851 936 1036 988 mercateres
1060 929 1143 988 haud

147 1028 238 1087 facile
262 1036 400 1104 carpunt,
426 1027 509 1103 quod
535 1028 611 1086 levis
637 1028 755 1087 arboris
779 1038 905 1087 truncus
929 1028 1057 1087 ascendi
1080 1037 1142 1089 nen

148 1137 260 1205 potest.
307 1129 402 1186 Hunc
424 1137 528 1186 tamen
543 1128 668 1187 modum
689 1129 881 1188 invenerunt.
927 1129 1046 1200 Simia'ts,
1063 1149 1143 1206 quae

148 1228 295 1305 plirrimae
311 1228 404 1287 silvas
425 1226 539 1300 colunt,
562 1237 643 1287 saxis
658 1236 788 1288 vexant:
815 1247 908 1305 quam
928 1229 968 1288 ob
988 1247 1052 1286 rem
1073 1229 1142 1288 illae

149 1337 243 1388 initae
259 1335 353 1387 mices
369 1328 407 1387 ab
424 1327 586 1387 arboribus
598 1328 735 1404 direptas
750 1329 780 1386 in
796 1335 982 1387 mercateres
997 1328 1141 1389 deiciunt.

150 1429 245 1487 Sinen
263 1428 393 1487 nucibus
408 1428 512 1487 multis
528 1436 644 1504 potitus
660 1435 846 1488 mercateres
862 1429 966 1488 simies
987 1428 1052 1504 ipse
1075 1448 1144 1506 cap

148 1537 212 1588 taire
240 1529 352 1587 docuit.
403 1530 493 1587 Iussit
513 1528 579 1587 eius
600 1535 676 1586 vasa
696 1528 847 1603 quaedam
873 1547 971 1605 aquae
991 1528 1084 1605 plena
1104 1529 1143 1588 ad

149 1637 225 1687 imes
248 1628 372 1687 arbores
395 1628 605 1699 admeverunt,
622 1627 735 1704 quibus
758 1627 789 1686 in
811 1636 894 1687 vasis
916 1638 1025 1688 maniis
1047 1628 1143 1688 multe

148 1747 217 1786 cum
232 1729 353 1805 fragere
369 1728 522 1787 lavabant.
567 1727 645 1786 Inde
660 1737 735 1787 veisa
750 1728 858 1787 eadem
873 1727 960 1805 nigra
975 1728 1043 1805 pice
1064 1748 1144 1787 com·

149 1829 309 1904 pleverunt
325 1828 594 1904 discesseruntque
610 1835 626 1886 e
641 1828 720 1886 loce.
766 1828 877 1887 Simiae
890 1837 991 1887 autem
1002 1829 1143 1888 homines

148 1947 186 1986 ex
198 1928 421 1987 censuetirdine
434 1927 579 2000 imitatae,
594 1927 646 1987 ubi
661 1937 772 1987 mamis
788 1929 819 1986 in
831 1937 907 1988 vasa
921 1928 1140 2005 imposuerunt,

148 2027 216 2105 pice
232 2037 370 2088 retentae
384 2028 476 2087 facile
492 2037 663 2105 captantur.

181 2161 304 2226 occurrit,
318 2162 413 2209 obviam
428 2163 455 2219 it,
468 2173 507 2221 77,
522 2174 544 2225 3.
635 2162 713 2226 visa,
726 2174 765 2224 49,
779 2174 801 2225 3.

181 2245 339 2310 carpendis,
352 2244 392 2308 96,
406 2259 428 2309 3.
634 2244 706 2295 imis
717 2245 835 2308 arbores,
847 2244 879 2293 ct.
893 2250 949 2293 ima
958 2245 1033 2302 valle,
1045 2259 1085 2309 94,
1093 2243 1117 2293 8.

181 2329 312 2394 direptis,
326 2333 434 2390 carptas.
638 2328 780 2393 lavabant,
792 2327 833 2392 83,
848 2342 885 2377 10.

368 2507 416 2564 99.
444 2493 505 2548 ‘she
524 2493 696 2563 Elephants’
718 2493 922 2563 Burin-pune.

192 2620 287 2679 Haud
302 2620 430 2679 multum
452 2621 490 2680 ab
511 2628 549 2680 ee
571 2621 638 2680 loce
661 2629 791 2697 magnus
812 2639 886 2697 grex
908 2619 1143 2697 elephantinum

147 2729 262 2780 teneris
277 2720 439 2780 frondibus
457 2722 650 2797 pascebatur.
696 2721 768 2794 Que
790 2729 857 2779 visit
876 2721 1029 2798 perterriti
1049 2728 1143 2781 ceteri

147 2821 179 2879 in
199 2822 303 2898 fugam
325 2828 357 2880 se
382 2821 542 2893 dederunt,
561 2821 658 2880 Sinen
682 2830 786 2880 tamen
810 2831 881 2879 arcii
905 2829 1040 2879 armatus
1063 2831 1144 2898 post-

148 2939 240 2997 quam
256 2921 287 2978 in
304 2922 444 2980 arborem
461 2921 652 2994 ascenderat,
670 2920 822 2980 celeribus
842 2920 963 2998 sagittis
977 2921 1143 2980 maximum

148 3041 185 3080 ex
201 3020 374 3097 elephantis
392 3021 552 3080 interfecit.
599 3007 864 3080 ilmerceteribus
884 3020 983 3098 igitur,
1001 3030 1053 3097 qui
1068 3023 1144 3081 ebur

147 3120 271 3180 maximi
295 3121 468 3194 aestimant,
487 3108 584 3180 'denis
608 3130 753 3180 oneratus
777 3130 833 3180 est.
879 3121 957 3179 Inde
972 3120 1077 3193 Sinen‚
1094 3132 1144 3181 cui

148 3221 273 3280 divitiae
297 3222 432 3280 animum
455 3221 647 3294 addiderunt,
664 3221 821 3298 quandam
843 3220 875 3279 in
898 3222 1046 3294 arborem,
1064 3241 1144 3298 quae

147 3321 232 3381 irixte
260 3341 387 3398 parvum
417 3321 517 3380 lacum
543 3323 711 3394 crescebat,
739 3321 918 3397 saepissime
946 3322 1142 3381 ascendebat.

147 3421 220 3495 Que
231 3422 363 3482 censilie
375 3422 547 3499 complures
559 3421 714 3481 interfecit
723 3421 915 3497 elephantes
927 3429 1004 3497 ques
1015 3421 1144 3480 bibendi

147 3530 243 3580 cause
257 3541 327 3580 eum
343 3523 444 3581 locum
467 3524 551 3582 adire
568 3523 739 3599 oportebat.
783 3521 890 3582 Tertie
912 3531 1015 3580 tamen
1037 3526 1142 3576 mense
