2684 3942
174 269 209 323 80
474 272 722 321 IMPERSONAL
745 272 872 321 VERBS.

176 449 295 499 antrum
324 439 415 499 rediit
443 449 599 517 nocteque
628 439 756 499 comites
786 440 825 498 ad
853 439 955 498 locum
985 437 1079 497 duxit.
1133 439 1171 496 Id

176 550 279 599 tamen
301 540 385 617 quod
404 540 482 600 latre
504 541 621 600 fecerat
642 548 707 600 nen
730 540 879 617 effugerat
903 539 991 600 Balbi
1017 540 1168 613 ancillam,

177 660 255 718 quae
271 640 431 700 eonsilium
455 640 521 700 eius
543 641 701 718 suspieeta
723 641 882 700 domorum
898 648 1067 700 vicinarum
1088 641 1171 700 iores

175 741 284 802 eedem
313 741 405 801 modo
431 751 599 801 notaverat.
644 742 795 801 Latrenes
821 740 920 818 igitur,
947 741 1030 817 quod
1056 741 1171 800 inimici

175 842 299 902 domurn
314 849 502 919 cegnescere
518 848 580 902 nen
596 850 747 919 poterant,
759 841 791 899 in
807 840 899 901 silves
912 840 994 901 inriti
1005 840 1168 901 redierunt.

240 985 459 1051 callidissimum,
469 999 509 1046 44,
523 998 545 1034 2.
765 984 870 1049 callide,
883 984 916 1033 cf.
928 985 979 1032 line
994 998 1014 1032 1.

241 1069 360 1134 sepeliri,
373 1081 413 1134 45,
425 1068 449 1118 8.
765 1066 852 1132 inriti,
863 1068 981 1132 frastra.

465 1314 514 1371 92.
554 1301 616 1356 The
634 1301 726 1374 Foity
743 1301 878 1357 Thieves.

218 1446 344 1504 Postere
366 1444 416 1502 die
438 1444 501 1502 dux
523 1445 675 1504 latrenum
698 1444 738 1503 ad
763 1444 857 1503 aedes
882 1444 970 1502 Balbi
996 1444 1035 1503 ab
1061 1445 1170 1505 eedem

175 1551 291 1603 sartere
307 1544 418 1603 ductus
434 1553 574 1603 netflram
589 1544 649 1603 loci
665 1544 762 1603 oculis
780 1544 1010 1603 acceretissime
1029 1545 1170 1604 observe-

174 1643 226 1703 vit.
266 1644 344 1702 Inde
356 1644 465 1722 viginti
477 1644 581 1704 asines
590 1653 674 1703 vesis
687 1644 863 1721 ingentibus
876 1652 1019 1703 oneretes
1031 1644 1149 1720 parevit
1161 1669 1168 1717 3

175 1751 305 1820 querum
327 1753 421 1802 smum
444 1744 568 1820 quidem
591 1744 660 1803 olee
683 1744 840 1821 implevit;
864 1728 905 1801 'in
927 1744 1045 1820 reliqua
1066 1753 1170 1803 tamen

175 1842 296 1919 singula
311 1844 402 1903 bines
418 1843 538 1903 abdidit
554 1845 698 1904 latrones.
745 1844 867 1903 Deinde
882 1853 1004 1921 vesperi
1025 1852 1171 1904 mercete

174 1962 237 2002 rem
261 1943 410 2002 simulans
433 1944 472 2003 ad
495 1945 601 2004 urbem
627 1963 697 2010 eum
723 1943 817 2003 asinis
843 1945 1001 2020 proiectus
1027 1953 1074 2003 est
1097 1954 1128 2003 et
1152 1953 1170 2003 a

176 2043 273 2103 Balbe
288 2062 380 2119 quem
395 2051 451 2120 pre
467 2044 597 2104 aedibus
612 2045 772 2103 sedentem
788 2043 906 2103 invenit
925 2044 1091 2120 hospitium
1111 2044 1170 2103 sibi

175 2156 301 2224 suisque
323 2146 420 2224 petiit.
467 2132 573 2220 Kque
594 2144 728 2220 benigne
753 2152 899 2219 acceptus
915 2151 989 2201 vasa
1013 2143 1116 2202 omnia
1139 2143 1170 2201 in

174 2247 264 2306 horto
291 2246 443 2323 disposuit
470 2245 659 2321 comitesque
687 2254 807 2322 signum
838 2243 963 2302 silentes
992 2251 1170 2320 exspectere

175 2344 272 2405 iussit.
317 2349 360 2406 At
374 2345 486 2405 ancilla
503 2345 622 2418 eadem,
639 2363 728 2421 quae,
746 2344 819 2403 dum
841 2344 904 2403 dux
926 2342 1077 2402 latrenum
1100 2363 1171 2402 cum

175 2446 301 2506 domine
316 2453 373 2506 suo
389 2453 487 2517 cenat,
504 2444 643 2503 fraudem
665 2450 872 2521 perspexerat,
890 2443 991 2503 oleum
1014 2463 1051 2502 ex
1072 2450 1171 2520 prime

175 2553 248 2605 vese
263 2545 430 2604 deductum
447 2554 540 2622 atque
556 2553 626 2621 igne
641 2553 764 2615 tostum,
783 2543 963 2616 latrenibus‚
982 2543 1083 2620 quiin
1105 2543 1171 2601 reli·

175 2654 244 2722 quis
259 2653 340 2704 vesis
356 2646 504 2717 latebant,
522 2643 626 2702 iniecit
641 2649 810 2719 omnesque
826 2643 867 2701 ad
885 2652 978 2701 smum
998 2642 1168 2702 suffocavit.

240 2797 352 2860 sarton,
365 2809 405 2859 91,
419 2809 441 2860 3.
764 2794 881 2859 vesperi,
895 2799 976 2842 nocta.

239 2880 325 2945 visis,
338 2893 378 2943 la
391 2893 415 2945 3.
764 2878 878 2941 tostum,
890 2876 959 2925 from
971 2881 1059 2923 torreo.

452 3130 723 3181 IMPERSONAL
744 3129 889 3179 VERBS.

219 3271 275 3333 39.
308 3264 511 3345 Impersonal
529 3263 623 3328 Verbs
639 3283 695 3327 are
711 3263 809 3326 those
820 3261 928 3326 which
946 3271 1068 3326 cannot
1085 3261 1170 3325 have

173 3368 226 3432 for
250 3369 338 3433 their
362 3370 567 3434 nominative
591 3392 611 3434 a
635 3372 789 3454 personal
813 3391 965 3454 pronoun
989 3390 1027 3434 or
1053 3390 1073 3433 a
1096 3370 1170 3434 sub-

175 3476 330 3540 stantive.
