2684 3942
563 285 802 335 ANECDOTES.

448 499 495 558 80.
535 503 596 559 The
615 502 727 559 suarm
746 503 916 559 Outwitted.

230 640 395 713 HenricuS,
420 646 473 699 rex
503 639 726 712 Britannorum,
751 649 804 716 qui
832 658 903 698 cum
931 639 1050 699 civibus
1079 640 1181 700 turbu·

187 741 278 802 lentis
292 741 405 801 bellum
425 741 560 818 gerebat,
576 739 676 798 filium
698 759 787 798 suum
810 739 959 816 equitatui
981 741 1179 816 praefecerat.

189 843 252 900 Hic
273 851 385 914 tamen,
401 840 520 899 iuvenis
542 848 621 912 acer,
638 840 722 916 quod
744 839 898 916 equitibus
919 839 1054 899 hostium
1076 840 1181 900 effusis

188 941 335 1000 audacius
350 940 509 1012 institerat,
521 939 645 1000 tandem
657 949 766 1016 captus
778 948 825 999 est
838 939 877 997 ab
891 939 1040 999 hostibus.
1078 941 1182 1000 Victo

187 1048 236 1101 res
252 1050 362 1114 autem,
379 1049 431 1117 qui
448 1047 576 1116 'captivo
598 1039 743 1099 volebant
764 1038 930 1116 indulgere,
947 1059 1017 1099 eum
1039 1040 1181 1100 sinebant

187 1141 312 1200 cottidie
327 1159 396 1199 cum
412 1149 519 1217 paucis
533 1139 715 1199 custodibus
730 1139 761 1197 in
784 1146 864 1215 equo
879 1140 958 1199 vehi.
1003 1139 1180 1216 Aliquando

188 1241 333 1301 custodis
349 1240 432 1299 iussi
447 1239 594 1317 principis
609 1239 688 1299 inter
703 1246 736 1298 se
751 1249 842 1298 cursu
854 1247 1003 1316 equorum
1018 1240 1181 1299 contende-

187 1340 272 1400 bant.
316 1340 456 1400 Tandem
472 1350 637 1417 postquam
659 1348 731 1415 equi
753 1340 888 1398 omnium
910 1349 1054 1399 cursitet
1076 1341 1181 1401 labore

188 1442 321 1500 contecti
344 1449 423 1512 sunt,
454 1448 607 1516 princeps,
638 1448 691 1516 qui
720 1448 738 1498 ai
767 1439 933 1500 certamine
963 1439 1001 1498 de
1031 1440 1181 1500 industria

188 1540 372 1614 abstinebat,
394 1547 411 1574 “
422 1525 499 1613 ΕΜ
516 1539 623 1616 inquit,
642 1540 759 1598 “vobis
774 1558 887 1598 novum
902 1548 1057 1599 certamen
1072 1547 1181 1617 propo

188 1641 259 1700 no.’'
304 1642 382 1700 Cum
397 1640 446 1699 his
461 1640 562 1698 verbis
578 1658 690 1715 equum
705 1638 858 1716 integrum
877 1639 1016 1699 incitavit
1033 1639 1181 1700 celeriter-

188 1759 249 1818 que
264 1748 281 1799 ἐ
296 1747 466 1817 conspectu
483 1739 617 1799 hostium
638 1740 791 1799 fessorum
811 1740 851 1798 ad
871 1746 985 1799 amicos
999 1747 1106 1800 vectus
1124 1750 1179 1800 est.

254 1874 427 1939 turbulentis,
439 1874 568 1931 abditiora,
584 1887 622 1932 21,
635 1887 658 1938 3.
776 1873 926 1939 institerat,
937 1881 1085 1937 persecatus
1095 1881 1158 1922 erat.

253 1957 356 2022 effiisis,
366 1958 459 2020 pulsis.
776 1955 901 2023 ctnfectb
914 1958 945 2006 dr
956 1964 1008 2006 essi.

457 2171 505 2229 81.
545 2174 572 2229 A
590 2174 749 2246 Disguised
767 2174 914 2230 Monarch.

231 2301 373 2374 Iacobus,
400 2306 453 2359 rex
480 2302 649 2371 Scotorum,
676 2301 722 2360 vir
749 2301 864 2379 gloriae
894 2300 1032 2361 militaris
1062 2301 1179 2374 avidus,

188 2419 281 2477 saepe
297 2400 362 2460 sine
378 2401 440 2460 illo
455 2400 565 2460 comite
581 2403 711 2474 erribat,
728 2412 813 2462 veste
835 2421 909 2462 suae
930 2403 1072 2461 fortunae
1094 2402 1181 2462 dissi-

188 2500 252 2559 mili
273 2500 405 2560 indutus.
450 2493 531 2560 Olim
548 2501 620 2560 dum
643 2520 698 2578 per
720 2502 874 2578 quandam
894 2501 1000 2560 silvam
1020 2503 1078 2562 iter
1097 2502 1179 2574 facit,

188 2600 226 2659 de
242 2599 441 2677 improvisoai
462 2600 560 2660 tribus
583 2601 753 2661 latronibus
775 2620 940 2678 oppressus
962 2600 994 2659 in
1016 2601 1181 2661 maximum

187 2699 297 2777 capitis
312 2701 479 2777 periculum
495 2700 647 2760 adductus
662 2710 718 2761 est.
763 2705 805 2761 At
824 2701 956 2761 nisticus
977 2701 1111 2778 quidam,
1129 2710 1181 2779 qui

187 2801 227 2859 ad
253 2799 427 2877 clangorem
452 2808 603 2860 armorum
628 2810 810 2874 occurrerat,
835 2810 933 2861 securi
958 2810 1093 2861 armitus
1118 2809 1181 2879 regi

190 2899 365 2959 volneribus
381 2910 411 2960 et
426 2900 531 2960 labore
547 2920 645 2977 paene
660 2902 806 2961 contecto
822 2902 965 2960 auxilium
982 2902 1083 2961 attulit
1097 2902 1181 2979 fuga-

104 3058 109 3069 ,
187 2998 292 3076 vitque
318 3001 460 3059 latrones
505 3001 585 3058 Tum
610 3001 663 3058 ubi
689 3002 820 3060 rusticus
844 3009 899 3077 pro
923 3009 1009 3061 tanto
1030 3001 1181 3061 beneficio

187 3099 355 3175 praemium
381 3099 521 3176 accipere
547 3100 652 3172 noluit,
678 3107 731 3159 rex
755 3101 928 3173 “Saltem'’
953 3101 1061 3177 inquit,
1089 3101 1182 3161 “redi

187 3205 305 3257 mecum
326 3199 365 3257 ad
384 3200 498 3272 urbem,
516 3208 577 3276 qua
598 3207 628 3259 te
651 3200 746 3278 digno
768 3200 916 3278 accipiam
937 3201 1081 3278 hospitio,
1098 3201 1181 3278 quod

186 3297 254 3374 ipse
270 3298 352 3375 apud
367 3306 470 3376 regem
487 3299 624 3359 habito.''

253 3431 376 3496 indutus,
389 3446 429 3493 47,
442 3431 475 3480 ad
487 3432 531 3480 fin.
775 3446 930 3500 oppressus,
943 3441 1039 3497 raptus.

251 3515 284 3565 di
296 3514 452 3579 improviso,
466 3517 551 3564 subita
774 3517 881 3582 attulit,
893 3517 962 3565 from
974 3517 1070 3580 afferat.
