2684 3942
558 287 798 335 ANECDOTES.

317 488 575 547 ANECDOTES
606 487 693 547 FOR
722 485 1042 546 TRANSLATION.

227 604 302 668 The
318 604 489 685 following
505 605 686 668 anecdotes
703 603 834 686 require
847 624 866 666 a
878 602 1075 685 knowledge
1092 601 1177 665 of-

225 712 272 794 (a)
304 712 476 772 Indicative
498 712 656 878 }passive
686 712 719 771 ot
748 712 839 772 verbs
868 711 900 770 in
925 714 972 784 -ia,
996 710 1079 771 third
1108 721 1177 771 c'on-

305 812 490 898 lmperative
574 809 723 890 jugation.

225 911 269 993 (b)
285 976 288 982 ,
304 912 459 972 Infinitive
475 911 573 971 active
589 912 622 970 of
636 911 689 970 the
704 911 774 969 four
788 909 1012 989 conjugations.

225 1012 265 1094 (c)
302 1011 379 1072 Also
387 1022 519 1087 possum,
537 1014 608 1084 vola,
625 1014 698 1084 nalo',
715 1013 801 1069 mala.

437 1192 486 1262 64.
526 1192 553 1247 A
571 1192 681 1248 Breach
699 1191 729 1247 of
748 1191 918 1261 Disciplina.

224 1304 414 1377 Fredericus,
440 1304 663 1363 Germanorum
689 1309 750 1375 rex,
777 1301 860 1378 quod
886 1302 924 1361 ab
947 1299 1089 1361 hostibus
1111 1318 1177 1378 pre-

181 1405 328 1477 mebatur,
356 1402 536 1473 saevissima
561 1402 726 1479 disciplina
750 1402 860 1461 milites
886 1401 1060 1461 cohibebat.
1109 1404 1177 1460 Rex

182 1523 275 1581 saepe
291 1513 384 1563 noctu
399 1504 484 1563 solus
500 1522 555 1579 per
570 1511 672 1562 castra
692 1502 869 1562 ambulabat
890 1511 921 1560 et
942 1501 1009 1579 ipse
1031 1502 1175 1561 custedes

181 1604 212 1662 in
239 1604 424 1663 stationibus
453 1603 647 1680 disponebat.
704 1602 882 1678 Aliquando
911 1602 984 1660 dum
1009 1609 1093 1661 more
1119 1610 1176 1661 sue

181 1714 282 1763 castra
310 1704 481 1781 perlustrat,
508 1702 593 1761 videt
622 1703 779 1761 lucernam
808 1721 887 1777 quae
916 1701 949 1760 in
978 1701 1177 1761 tabernaculo

180 1804 314 1863 finitima
329 1805 466 1864 ardebat.
512 1806 579 1862 Rex
594 1803 695 1880 igitur,
713 1811 766 1878 qui
781 1801 912 1861 maxima
927 1811 971 1860 ira
986 1801 1174 1874 movebatur,

181 1905 264 1981 quod
284 1915 386 1982 ignem
404 1903 553 1963 militibus
574 1902 782 1974 interdixerat,
799 1902 924 1962 silenter
943 1901 1175 1960 tabernaculum

181 2005 312 2063 intravit.
348 2006 411 2063 Hic
426 2004 513 2065 miles
525 2002 689 2080 epistulam
705 2002 859 2061 scribebat
870 2001 910 2060 ad
924 2009 1058 2060 uxerem.
1093 2003 1175 2060 Dum

180 2105 283 2164 multis
299 2105 400 2164 verbis
419 2104 495 2163 dura
514 2104 651 2180 pericula
670 2102 753 2174 belli,
770 2121 856 2161 suam
876 2101 1013 2173 saltitem,
1031 2108 1176 2161 amarem·

180 2225 240 2281 que
255 2213 449 2265 constantem
462 2213 573 2276 narrat,
586 2202 689 2262 subite
704 2209 807 2279 regem
820 2210 929 2261 iratum
945 2201 1062 2278 aspicit.
1095 2202 1174 2259 Tum

180 2312 241 2378 rex,
263 2307 405 2364 “Iterum
428 2304 592 2381 epistulam
615 2311 729 2379 repete,
748 2303 825 2360 haec
847 2311 951 2360 tamen
974 2301 1074 2373 adde;
1097 2301 1174 2371 vale,

180 2404 382 2476 ocarissima,
403 2412 470 2463 cras
492 2403 574 2463 enirn
597 2421 663 2481 ego,
684 2401 757 2478 quia
779 2402 954 2478 imperateri
977 2403 1057 2460 male
1078 2409 1175 2477 parui,

179 2504 289 2581 capitis
312 2504 511 2563 damnabor.’'

244 2616 426 2679 premebatur,
440 2612 479 2678 38,
492 2627 516 2675 7.
769 2613 842 2662 mare
853 2613 910 2676 suo,
925 2625 964 2675 31,
979 2624 1001 2674 3.

245 2696 446 2762 cohibebatur,
456 2696 490 2745 ad
507 2697 551 2745 fin.
768 2695 916 2759 lucernam,
931 2707 969 2758 50,
983 2693 1006 2742 6.

246 2781 420 2846 statianibus,
436 2794 476 2845 29,
489 2795 511 2842 7.
768 2779 891 2844 ardebat,
906 2791 944 2839 14,
956 2791 980 2841 9.

522 2954 570 3027 65.
611 2954 638 3009 A
656 2954 831 3026 Bulla-eye.

221 3058 342 3131 Loxias,
371 3059 454 3134 quod
475 3067 568 3118 vitam
595 3057 627 3114 in
653 3056 739 3116 silvis
763 3074 884 3132 semper
906 3053 1046 3132 degebat,
1069 3061 1178 3113 omnes

179 3157 255 3217 alies
267 3158 441 3236 sagittarios
457 3157 631 3234 superabat.
678 3158 776 3232 Saepe
793 3156 882 3231 lupas
898 3153 1079 3232 aquilisque
1092 3154 1176 3213 volu·

178 3258 281 3316 eribus
304 3257 425 3334 sagittis
451 3256 663 3334 transfigebat,
688 3275 745 3315 nec
771 3274 916 3331 umquam
939 3254 1052 3313 frustra
1075 3254 1114 3313 ab
1139 3262 1178 3314 eo

178 3357 272 3415 telum
288 3367 415 3415 missum
431 3366 485 3415 est.
525 3359 616 3415 Forte
634 3356 754 3415 incolae
773 3354 857 3414 urbis
878 3363 1068 3431 propinquae
1087 3354 1177 3413 ludes

179 3455 555 3515 sollemnescelebrabant.
585 3457 687 3513 Prime
698 3455 863 3531 quadrigas
872 3455 1031 3532 agitabant
1039 3454 1176 3525 iuvenes,

179 3553 291 3615 deinde
306 3563 418 3631 pugnis
433 3555 600 3626 certabant,
613 3561 769 3630 postrema
781 3562 938 3613 certamen
950 3553 1177 3631 sagittariorum
