2684 3942
175 334 207 387 52
553 337 796 386 ANECDOTES·

174 503 277 581 poscit
302 503 463 582 avidisque
489 504 587 564 oculis
613 505 710 581 dapes
733 504 913 581 splendidas
935 504 1051 564 lustrat.
1096 507 1173 565 Mox

174 614 279 663 tamen
293 604 347 663 ubi
361 604 478 681 piscem
497 604 537 663 ad
555 612 591 665 ris
609 606 760 677 admovet,
778 605 866 663 cibus
889 605 920 662 in
939 624 1046 663 aurum
1068 605 1171 664 statim

174 713 309 764 mutatus
325 713 390 776 est;
414 712 467 763 rex
482 704 581 780 igitur,
599 705 685 764 cuius
701 705 733 763 in
747 704 889 765 faucibus
909 705 1008 782 rigida
1026 706 1172 765 haerebat

174 824 285 877 massa,
312 814 417 863 vinum
444 804 566 881 poscit3
597 805 679 864 idem
702 805 813 864 evenit.
869 805 1010 864 Tandem
1032 813 1085 864 rex
1106 813 1171 864 esu-

174 905 265 978 riens,
291 905 374 981 quod
400 904 475 963 nihil
502 923 560 964 nec
586 905 699 964 edebat
725 925 783 964 nec
808 905 937 965 bibebat
962 905 1171 982 compluribus

175 1005 293 1078 diebus,
309 1005 449 1064 maximis
468 1005 611 1081 precibus
633 1006 788 1063 Bacchum
807 1013 881 1064 urat.
927 1007 1006 1065 Inde
1024 1026 1094 1065 cum
1109 1015 1170 1065 risu

174 1106 251 1164 deus
265 1106 359 1164 fatale
375 1106 490 1165 dunum
505 1113 636 1164 amovet.

256 1256 374 1320 egregii),
388 1261 462 1304 mirri.
797 1256 891 1322 dapes,
904 1259 1001 1320 epulds‚
1014 1270 1037 1320 9,
1053 1271 1074 1305 1.

256 1342 374 1404 munere,
387 1340 458 1388 dane.
797 1338 932 1406 faucibus,
948 1353 985 1406 54,
1001 1354 1038 1388 12.

255 1422 390 1488 pritinus,
405 1436 443 1487 33,
458 1435 479 1486 5.
798 1424 936 1488 haerebat,
951 1438 972 1482 2,
987 1436 1009 1490 5.

256 1506 335 1570 ligni,
349 1505 382 1554 cf.
395 1507 499 1568 ligneas,
512 1520 553 1566 40,
570 1520 606 1554 10.
797 1506 927 1571 esuriens,
940 1521 980 1570 49,
993 1521 1017 1570 9.

257 1589 381 1654 gritiis.
397 1626 403 1639 .
420 1625 427 1639 .
441 1589 582 1655 persolvit,
595 1588 629 1637 et.
642 1603 679 1653 13,
693 1603 730 1637 12.
798 1590 905 1653 edebat,
920 1603 958 1653 34,
971 1604 995 1650 4.

449 1820 497 1894 58.
538 1822 599 1878 The
617 1822 776 1893 Gossiping
795 1822 891 1878 Trees.

215 1965 329 2043 Apolli)
344 1964 427 2039 silim,
440 1985 550 2025 curvae
567 1966 649 2044 lyrae
665 1965 814 2039 inventor,
827 1986 897 2025 cum
911 1968 1020 2045 Satyri>
1036 1968 1170 2044 quddam

174 2066 213 2126 de
234 2075 299 2125 arte
320 2075 377 2126 sua
399 2067 586 2126 decertabat.
631 2067 773 2124 Tandem
795 2075 874 2125 tanti
896 2066 1072 2125 certaminis
1094 2066 1171 2125 arbi-

174 2166 265 2226 trium
280 2166 372 2226 ambr’)
390 2165 431 2224 ad
452 2166 571 2224 Midam
591 2172 694 2243 regem
711 2165 764 2245 (de
784 2173 846 2242 qud
867 2175 959 2242 supra
979 2167 1169 2226 demonstra·

173 2266 287 2346 vimus)
307 2272 533 2325 commiserunt.
583 2267 650 2323 Rex
673 2275 785 2338 autem,
805 2274 858 2342 qui
879 2273 1024 2335 numeres
1044 2273 1170 2325 omnini>

174 2366 345 2443 ignerabat,
362 2374 528 2443 postquam
543 2365 680 2424 carmina
698 2374 857 2442 utriusque
876 2366 1042 2438 audiverat,
1062 2367 1170 2444 Satyrs)

174 2465 307 2542 palmam
334 2464 428 2524 dedit.
477 2467 564 2524 Deus
590 2465 690 2542 igitur,
714 2465 768 2524 tali
794 2465 923 2524 stultitia
948 2473 1052 2538 iratus,
1076 2465 1171 2542 capiti

174 2564 254 2642 regis
280 2565 359 2624 asini
385 2572 475 2624 aures
502 2564 620 2623 adfixit.
665 2566 746 2624 Tum
767 2571 820 2623 rex
842 2565 986 2624 callidum
1009 2565 1170 2625 cdnsilium

174 2665 335 2742 concepit3
367 2666 483 2743 regium
513 2665 596 2723 enim
624 2672 782 2724 tdnsdrem
815 2665 931 2738 ascivit,
962 2665 1049 2725 cuius
1077 2674 1171 2742 opera

174 2784 263 2825 suum
279 2766 415 2825 dedecus
431 2766 470 2824 ab
485 2765 582 2824 oculis
598 2764 734 2824 omnium
749 2764 889 2824 abditum
900 2776 956 2825 est.
998 2769 1040 2825 At
1054 2763 1168 2837 tdnsor,

173 2866 220 2925 vir
233 2866 354 2943 loquax,
372 2874 433 2942 qui,
449 2865 523 2925 dum
542 2875 647 2924 manet
664 2865 697 2923 in
719 2866 802 2937 urbe,
819 2884 884 2923 rem
903 2865 954 2924 vix
973 2866 1103 2938 celabat,
1119 2875 1170 2924 rus

174 2966 327 3039 discessit,
356 2966 497 3044 regisque
526 2967 683 3025 tartunam
713 2965 873 3025 arboribus
903 2966 1045 3024 narravit.
1100 2967 1170 3024 Hae

175 3076 278 3126 autem
294 3075 448 3125 comarum
465 3073 598 3139 susurrii,
612 3066 696 3143 quod
708 3073 801 3125 vente
816 3073 892 3124 rami
907 3064 1013 3142 agitati
1029 3075 1109 3138 sunt,
1122 3066 1170 3125 his

174 3168 276 3227 verbis
292 3185 356 3224 rem
370 3166 545 3243 volgabant,
565 3168 672 3226 “Sunt
689 3166 793 3225 Midae
810 3172 899 3223 aures
914 3165 1024 3224 asini.’'

257 3319 459 3383 commisimnt,
472 3318 540 3367 from
552 3320 685 3368 committi.
798 3316 937 3382 callidum,
950 3330 990 3377 44,
1004 3329 1026 3364 a.

257 3402 390 3465 numeris,
404 3403 495 3458 modo‘s,
508 3416 548 3462 41,
562 3415 584 3464 9.
796 3402 941 3465 tdnsdrem,
958 3413 995 3463 19,
1008 3414 1031 3461 4.

256 3484 407 3548 utriusque,
424 3497 461 3549 54,
474 3499 497 3544 4.
797 3483 907 3548 ascivit,
919 3484 1060 3532 advocavit.

257 3567 389 3633 palmam,
397 3569 554 3630 praemium,
567 3569 607 3628 48,
619 3569 643 3617 8.
797 3567 942 3633 comitum,
947 3567 1085 3632 solio'rum.
